@INPROCEEDINGS{srw-001,
   AUTHOR = {Carrillo, Facundo},
   SORTNAME = {Carrillo, Facundo},
   TITLE = {Computational Characterization of Mental States: A Natural Language Processing Approach}}
@INPROCEEDINGS{srw-010,
   AUTHOR = {Sukthankar, Nandan and Maharnawar, Sanket and Deshmukh, Pranay and Haribhakta, Yashodhara and Kamble, Vibhavari},
   SORTNAME = {Sukthankar, Nandan and Maharnawar, Sanket and Deshmukh, Pranay and Haribhakta, Yashodhara and Kamble, Vibhavari},
   TITLE = {nQuery - A Natural Language Statement to SQL Query Generator}}
@INPROCEEDINGS{srw-014,
   AUTHOR = {Nayak, Nihal V. and Chinchore, Tanmay and Hanumanth Rao, Aishwarya and Martin, Shane Michael and Simha, Sagar Nagaraj and Lingaraju, G. M. and Jamadagni, H. S.},
   SORTNAME = {Nayak, Nihal V. and Chinchore, Tanmay and Hanumanth Rao, Aishwarya and Martin, Shane Michael and Simha, Sagar Nagaraj and Lingaraju, G. M. and Jamadagni, H. S.},
   TITLE = {V for Vocab: An Intelligent Flashcard Application}}
@INPROCEEDINGS{srw-015,
   AUTHOR = {Rao, Sudha},
   SORTNAME = {Rao, Sudha},
   TITLE = {Are You Asking the Right Questions? Teaching Machines to Ask Clarification Questions}}
@INPROCEEDINGS{srw-017,
   AUTHOR = {Suzuki, Yui and Kajiwara, Tomoyuki and Komachi, Mamoru},
   SORTNAME = {Suzuki, Yui and Kajiwara, Tomoyuki and Komachi, Mamoru},
   TITLE = {Building a Non-Trivial Paraphrase Corpus Using Multiple Machine Translation Systems}}
@INPROCEEDINGS{srw-019,
   AUTHOR = {Sharma, Vasu and Bishnu, Ankita and Patel, Labhesh},
   SORTNAME = {Sharma, Vasu and Bishnu, Ankita and Patel, Labhesh},
   TITLE = {Segmentation Guided Attention Networks for Visual Question Answering}}
@INPROCEEDINGS{srw-021,
   AUTHOR = {Ma, Kaixin and Xiao, Catherine and Choi, Jinho D.},
   SORTNAME = {Ma, Kaixin and Xiao, Catherine and Choi, Jinho D.},
   TITLE = {Text-based Speaker Identification on Multiparty Dialogues Using Multi-document Convolutional Neural Networks}}
@INPROCEEDINGS{srw-023,
   AUTHOR = {Li, Hang and Wang, Haozheng and Yang, Zhenglu and Odagaki, Masato},
   SORTNAME = {Li, Hang and Wang, Haozheng and Yang, Zhenglu and Odagaki, Masato},
   TITLE = {Variation Autoencoder Based Network Representation Learning for Classification}}
@INPROCEEDINGS{srw-031,
   AUTHOR = {Michel, Paul and Räsänen, Okko and Thiolliere, Roland and Dupoux, Emmanuel},
   SORTNAME = {Michel, Paul and Rasanen, Okko and Thiolliere, Roland and Dupoux, Emmanuel},
   TITLE = {Blind Phoneme Segmentation With Temporal Prediction Errors}}
@INPROCEEDINGS{srw-035,
   AUTHOR = {Aggarwal, Srishti and Mamidi, Radhika},
   SORTNAME = {Aggarwal, Srishti and Mamidi, Radhika},
   TITLE = {Automatic Generation of Jokes in Hindi}}
@INPROCEEDINGS{srw-037,
   AUTHOR = {Zhang, Haoran and Litman, Diane},
   SORTNAME = {Zhang, Haoran and Litman, Diane},
   TITLE = {Word Embedding for Response-To-Text Assessment of Evidence}}
@INPROCEEDINGS{srw-038,
   AUTHOR = {Soleymanzadeh, Katira},
   SORTNAME = {Soleymanzadeh, Katira},
   TITLE = {Domain Specific Automatic Question Generation from Text}}
@INPROCEEDINGS{srw-039,
   AUTHOR = {Ramirez, Jose and Garber, Matthew and Wang, Xinhao},
   SORTNAME = {Ramirez, Jose and Garber, Matthew and Wang, Xinhao},
   TITLE = {SoccEval: An Annotation Schema for Rating Soccer Players}}
@INPROCEEDINGS{srw-040,
   AUTHOR = {Garber, Matthew and Singer, Meital and Ward, Christopher},
   SORTNAME = {Garber, Matthew and Singer, Meital and Ward, Christopher},
   TITLE = {Accent Adaptation for the Air Traffic Control Domain}}
@INPROCEEDINGS{srw-041,
   AUTHOR = {Fang, Tina and Jaggi, Martin and Argyraki, Katerina},
   SORTNAME = {Fang, Tina and Jaggi, Martin and Argyraki, Katerina},
   TITLE = {Generating Steganographic Text with LSTMs}}
@INPROCEEDINGS{srw-045,
   AUTHOR = {Hiraga, Misato},
   SORTNAME = {Hiraga, Misato},
   TITLE = {Predicting Depression for Japanese Blog Text}}
@INPROCEEDINGS{srw-048,
   AUTHOR = {Babkin, Petr and Nirenburg, Sergei},
   SORTNAME = {Babkin, Petr and Nirenburg, Sergei},
   TITLE = {Fast Forward Through Opportunistic Incremental Meaning Representation Construction}}
@INPROCEEDINGS{srw-051,
   AUTHOR = {Sato, Shoetsu and Yoshinaga, Naoki and Toyoda, Masashi and Kitsuregawa, Masaru},
   SORTNAME = {Sato, Shoetsu and Yoshinaga, Naoki and Toyoda, Masashi and Kitsuregawa, Masaru},
   TITLE = {Modeling Situations in Neural Chat Bots}}
@INPROCEEDINGS{srw-054,
   AUTHOR = {Espinosa, Kurt Junshean},
   SORTNAME = {Espinosa, Kurt Junshean},
   TITLE = {An Empirical Study on End-to-End Sentence Modelling}}
@INPROCEEDINGS{srw-055,
   AUTHOR = {Naaman, Noa and Provenza, Hannah and Montoya, Orion},
   SORTNAME = {Naaman, Noa and Provenza, Hannah and Montoya, Orion},
   TITLE = {Varying Linguistic Purposes of Emoji in (Twitter) Context}}
@INPROCEEDINGS{srw-059,
   AUTHOR = {Wang, Nan},
   SORTNAME = {Wang, Nan},
   TITLE = {Negotiation of Antibiotic Treatment in Medical Consultations: A Corpus Based Study}}
@INPROCEEDINGS{srw-006,
   AUTHOR = {Jawahar, Ganesh},
   SORTNAME = {Jawahar, Ganesh},
   TITLE = {Improving Distributed Representations of Tweets - Present and Future}}
@INPROCEEDINGS{srw-007,
   AUTHOR = {Grover, Jeenu and Mitra, Pabitra},
   SORTNAME = {Grover, Jeenu and Mitra, Pabitra},
   TITLE = {Bilingual Word Embeddings with Bucketed CNN for Parallel Sentence Extraction}}
