@INPROCEEDINGS{shortpapers-3004,
   AUTHOR = {Wu, Changxing and Shi, Xiaodong and Chen, Yidong and Su, Jinsong and Wang, Boli},
   SORTNAME = {Wu, Changxing and Shi, Xiaodong and Chen, Yidong and Su, Jinsong and Wang, Boli},
   TITLE = {Improving Implicit Discourse Relation Recognition with Discourse-specific Word Embeddings}}
@INPROCEEDINGS{shortpapers-3013,
   AUTHOR = {Qiu, Minghui and Li, Feng-Lin and Wang, Siyu and Gao, Xing and Chen, Yan and Zhao, Weipeng and Chen, Haiqing and Huang, Jun and Chu, Wei},
   SORTNAME = {Qiu, Minghui and Li, Feng-Lin and Wang, Siyu and Gao, Xing and Chen, Yan and Zhao, Weipeng and Chen, Haiqing and Huang, Jun and Chu, Wei},
   TITLE = {AliMe Chat: A Sequence to Sequence and Rerank based Chatbot Engine}}
@INPROCEEDINGS{shortpapers-3017,
   AUTHOR = {Wei, Sam and Korostil, Igor and Nothman, Joel and Hachey, Ben},
   SORTNAME = {Wei, Sam and Korostil, Igor and Nothman, Joel and Hachey, Ben},
   TITLE = {English Event Detection With Translated Language Features}}
@INPROCEEDINGS{shortpapers-3033,
   AUTHOR = {Susanto, Raymond Hendy and Lu, Wei},
   SORTNAME = {Susanto, Raymond Hendy and Lu, Wei},
   TITLE = {Neural Architectures for Multilingual Semantic Parsing}}
@INPROCEEDINGS{shortpapers-3039,
   AUTHOR = {Teneva, Nedelina and Cheng, Weiwei},
   SORTNAME = {Teneva, Nedelina and Cheng, Weiwei},
   TITLE = {Salience Rank: Efficient Keyphrase Extraction with Topic Modeling}}
@INPROCEEDINGS{shortpapers-3040,
   AUTHOR = {Lin, Ying and Lin, Chin-Yew and Ji, Heng},
   SORTNAME = {Lin, Ying and Lin, Chin-Yew and Ji, Heng},
   TITLE = {List-only Entity Linking}}
@INPROCEEDINGS{shortpapers-3044,
   AUTHOR = {Zhang, Ye and Lease, Matthew and Wallace, Byron C.},
   SORTNAME = {Zhang, Ye and Lease, Matthew and Wallace, Byron C.},
   TITLE = {Exploiting Domain Knowledge via Grouped Weight Sharing with Application to Text Categorization}}
@INPROCEEDINGS{shortpapers-3057,
   AUTHOR = {Chu, Chenhui and Dabre, Raj and Kurohashi, Sadao},
   SORTNAME = {Chu, Chenhui and Dabre, Raj and Kurohashi, Sadao},
   TITLE = {An Empirical Comparison of Domain Adaptation Methods for Neural Machine Translation}}
@INPROCEEDINGS{shortpapers-3068,
   AUTHOR = {Kazi, Michaeel and Thompson, Brian},
   SORTNAME = {Kazi, Michaeel and Thompson, Brian},
   TITLE = {Implicitly-Defined Neural Networks for Sequence Labeling}}
@INPROCEEDINGS{shortpapers-3083,
   AUTHOR = {Shi, Xing and Knight, Kevin},
   SORTNAME = {Shi, Xing and Knight, Kevin},
   TITLE = {Speeding Up Neural Machine Translation Decoding by Shrinking Run-time Vocabulary}}
@INPROCEEDINGS{shortpapers-3085,
   AUTHOR = {Cai, Deng and Zhao, Hai and Zhang, Zhisong and Xin, Yuan and Wu, Yongjian and Huang, Feiyue},
   SORTNAME = {Cai, Deng and Zhao, Hai and Zhang, Zhisong and Xin, Yuan and Wu, Yongjian and Huang, Feiyue},
   TITLE = {Fast and Accurate Neural Word Segmentation for Chinese}}
@INPROCEEDINGS{shortpapers-3105,
   AUTHOR = {Gella, Spandana and Keller, Frank},
   SORTNAME = {Gella, Spandana and Keller, Frank},
   TITLE = {An Analysis of Action Recognition Datasets for Language and Vision Tasks}}
@INPROCEEDINGS{shortpapers-3123,
   AUTHOR = {Jagfeld, Glorianna and Ziering, Patrick and van der Plas, Lonneke},
   SORTNAME = {Jagfeld, Glorianna and Ziering, Patrick and van der Plas, Lonneke},
   TITLE = {Evaluating Compound Splitters Extrinsically with Textual Entailment}}
@INPROCEEDINGS{shortpapers-3125,
   AUTHOR = {Shu, Lei and Xu, Hu and Liu, Bing},
   SORTNAME = {Shu, Lei and Xu, Hu and Liu, Bing},
   TITLE = {Lifelong Learning CRF for Supervised Aspect Extraction}}
@INPROCEEDINGS{shortpapers-3128,
   AUTHOR = {Reed, Lena and Wu, Jiaqi and Oraby, Shereen and Anand, Pranav and Walker, Marilyn},
   SORTNAME = {Reed, Lena and Wu, Jiaqi and Oraby, Shereen and Anand, Pranav and Walker, Marilyn},
   TITLE = {Learning Lexico-Functional Patterns for First-Person Affect}}
@INPROCEEDINGS{shortpapers-3129,
   AUTHOR = {Yu, Xiang and Vu, Ngoc Thang},
   SORTNAME = {Yu, Xiang and Vu, Ngoc Thang},
   TITLE = {Character Composition Model with Convolutional Neural Networks for Dependency Parsing on Morphologically Rich Languages}}
@INPROCEEDINGS{shortpapers-3146,
   AUTHOR = {Cheng, Jianpeng and Lopez, Adam and Lapata, Mirella},
   SORTNAME = {Cheng, Jianpeng and Lopez, Adam and Lapata, Mirella},
   TITLE = {A Generative Parser with a Discriminative Recognition Algorithm}}
@INPROCEEDINGS{shortpapers-3156,
   AUTHOR = {Wang, Rui and Finch, Andrew and Utiyama, Masao and Sumita, Eiichiro},
   SORTNAME = {Wang, Rui and Finch, Andrew and Utiyama, Masao and Sumita, Eiichiro},
   TITLE = {Sentence Embedding for Neural Machine Translation Domain Adaptation}}
@INPROCEEDINGS{shortpapers-3158,
   AUTHOR = {Yoshikawa, Yuya and Shigeto, Yutaro and Takeuchi, Akikazu},
   SORTNAME = {Yoshikawa, Yuya and Shigeto, Yutaro and Takeuchi, Akikazu},
   TITLE = {STAIR Captions: Constructing a Large-Scale Japanese Image Caption Dataset}}
@INPROCEEDINGS{shortpapers-3162,
   AUTHOR = {Szymanski, Terrence},
   SORTNAME = {Szymanski, Terrence},
   TITLE = {Temporal Word Analogies: Identifying Lexical Replacement with Diachronic Word Embeddings}}
@INPROCEEDINGS{shortpapers-3165,
   AUTHOR = {Malmasi, Shervin and Dras, Mark},
   SORTNAME = {Malmasi, Shervin and Dras, Mark},
   TITLE = {Feature Hashing for Language and Dialect Identification}}
@INPROCEEDINGS{shortpapers-3168,
   AUTHOR = {Kato, Akihiko and Shindo, Hiroyuki and Matsumoto, Yuji},
   SORTNAME = {Kato, Akihiko and Shindo, Hiroyuki and Matsumoto, Yuji},
   TITLE = {English Multiword Expression-aware Dependency Parsing Including Named Entities}}
@INPROCEEDINGS{shortpapers-3172,
   AUTHOR = {Marie, Benjamin and Fujita, Atsushi},
   SORTNAME = {Marie, Benjamin and Fujita, Atsushi},
   TITLE = {Efficient Extraction of Pseudo-Parallel Sentences from Raw Monolingual Data Using Word Embeddings}}
@INPROCEEDINGS{shortpapers-3177,
   AUTHOR = {Tian, Zhiliang and Yan, Rui and Mou, Lili and Song, Yiping and Feng, Yansong and Zhao, Dongyan},
   SORTNAME = {Tian, Zhiliang and Yan, Rui and Mou, Lili and Song, Yiping and Feng, Yansong and Zhao, Dongyan},
   TITLE = {How to Make Context More Useful? An Empirical Study on Context-Aware Neural Conversational Models}}
@INPROCEEDINGS{shortpapers-3180,
   AUTHOR = {Jamshid Lou, Paria and Johnson, Mark},
   SORTNAME = {Jamshid Lou, Paria and Johnson, Mark},
   TITLE = {Disfluency Detection using a Noisy Channel Model and a Deep Neural Language Model}}
@INPROCEEDINGS{shortpapers-3184,
   AUTHOR = {Delli Bovi, Claudio and Camacho-Collados, Jose and Raganato, Alessandro and Navigli, Roberto},
   SORTNAME = {Delli Bovi, Claudio and Camacho-Collados, Jose and Raganato, Alessandro and Navigli, Roberto},
   TITLE = {EuroSense: Automatic Harvesting of Multilingual Sense Annotations from Parallel Text}}
@INPROCEEDINGS{shortpapers-3191,
   AUTHOR = {Agić, Željko and Schluter, Natalie},
   SORTNAME = {Agic, Zeljko and Schluter, Natalie},
   TITLE = {How (not) to train a dependency parser: The curious case of jackknifing part-of-speech taggers}}
@INPROCEEDINGS{shortpapers-3194,
   AUTHOR = {Zhan, Xueying and Wang, Yaowei and Rao, Yanghui and Xie, Haoran and Li, Qing and Wang, Fu Lee and Wong, Tak-Lam},
   SORTNAME = {Zhan, Xueying and Wang, Yaowei and Rao, Yanghui and Xie, Haoran and Li, Qing and Wang, Fu Lee and Wong, Tak-Lam},
   TITLE = {A Network Framework for Noisy Label Aggregation in Social Media}}
@INPROCEEDINGS{shortpapers-3197,
   AUTHOR = {Herzig, Jonathan and Berant, Jonathan},
   SORTNAME = {Herzig, Jonathan and Berant, Jonathan},
   TITLE = {Neural Semantic Parsing over Multiple Knowledge-bases}}
@INPROCEEDINGS{shortpapers-3199,
   AUTHOR = {Štajner, Sanja and Franco-Salvador, Marc and Ponzetto, Simone Paolo and Rosso, Paolo and Stuckenschmidt, Heiner},
   SORTNAME = {Stajner, Sanja and Franco-Salvador, Marc and Ponzetto, Simone Paolo and Rosso, Paolo and Stuckenschmidt, Heiner},
   TITLE = {Sentence Alignment Methods for Improving Text Simplification Systems}}
@INPROCEEDINGS{shortpapers-3200,
   AUTHOR = {Tran, Quan Hung and Haffari, Gholamreza and Zukerman, Ingrid},
   SORTNAME = {Tran, Quan Hung and Haffari, Gholamreza and Zukerman, Ingrid},
   TITLE = {A Generative Attentional Neural Network Model for Dialogue Act Classification}}
@INPROCEEDINGS{shortpapers-3206,
   AUTHOR = {Kober, Thomas and Weeds, Julie and Reffin, Jeremy and Weir, David},
   SORTNAME = {Kober, Thomas and Weeds, Julie and Reffin, Jeremy and Weir, David},
   TITLE = {Improving Semantic Composition with Offset Inference}}
@INPROCEEDINGS{shortpapers-3207,
   AUTHOR = {Saha, Swarnadeep and Pal, Harinder and Mausam},
   SORTNAME = {Saha, Swarnadeep and Pal, Harinder and Mausam},
   TITLE = {Bootstrapping for Numerical Open IE}}
@INPROCEEDINGS{shortpapers-3210,
   AUTHOR = {Elrazzaz, Mohammed and Elbassuoni, Shady and Shaban, Khaled and Helwe, Chadi},
   SORTNAME = {Elrazzaz, Mohammed and Elbassuoni, Shady and Shaban, Khaled and Helwe, Chadi},
   TITLE = {Methodical Evaluation of Arabic Word Embeddings}}
@INPROCEEDINGS{shortpapers-3211,
   AUTHOR = {Moosavi, Nafise Sadat and Strube, Michael},
   SORTNAME = {Moosavi, Nafise Sadat and Strube, Michael},
   TITLE = {Lexical Features in Coreference Resolution: To be Used With Caution}}
@INPROCEEDINGS{shortpapers-3213,
   AUTHOR = {Zhou, Long and Hu, Wenpeng and Zhang, Jiajun and Zong, Chengqing},
   SORTNAME = {Zhou, Long and Hu, Wenpeng and Zhang, Jiajun and Zong, Chengqing},
   TITLE = {Neural System Combination for Machine Translation}}
@INPROCEEDINGS{shortpapers-3214,
   AUTHOR = {Song, Linfeng and Peng, Xiaochang and Zhang, Yue and Wang, Zhiguo and Gildea, Daniel},
   SORTNAME = {Song, Linfeng and Peng, Xiaochang and Zhang, Yue and Wang, Zhiguo and Gildea, Daniel},
   TITLE = {AMR-to-text Generation with Synchronous Node Replacement Grammar}}
@INPROCEEDINGS{shortpapers-3222,
   AUTHOR = {Malinin, Andrey and Ragni, Anton and Knill, Kate and Gales, Mark},
   SORTNAME = {Malinin, Andrey and Ragni, Anton and Knill, Kate and Gales, Mark},
   TITLE = {Incorporating Uncertainty into Deep Learning for Spoken Language Assessment}}
@INPROCEEDINGS{shortpapers-3224,
   AUTHOR = {Ma, Shuming and Sun, Xu and Xu, Jingjing and WANG, Houfeng and Li, Wenjie and Su, Qi},
   SORTNAME = {Ma, Shuming and Sun, Xu and Xu, Jingjing and WANG, Houfeng and Li, Wenjie and Su, Qi},
   TITLE = {Improving Semantic Relevance for Sequence-to-Sequence Learning of Chinese Social Media Text Summarization}}
@INPROCEEDINGS{shortpapers-3226,
   AUTHOR = {Wachsmuth, Henning and Naderi, Nona and Habernal, Ivan and Hou, Yufang and Hirst, Graeme and Gurevych, Iryna and Stein, Benno},
   SORTNAME = {Wachsmuth, Henning and Naderi, Nona and Habernal, Ivan and Hou, Yufang and Hirst, Graeme and Gurevych, Iryna and Stein, Benno},
   TITLE = {Argumentation Quality Assessment: Theory vs. Practice}}
@INPROCEEDINGS{shortpapers-3238,
   AUTHOR = {Braud, Chloé and Lacroix, Ophélie and Søgaard, Anders},
   SORTNAME = {Braud, Chloe and Lacroix, Ophelie and Søgaard, Anders},
   TITLE = {Cross-lingual and cross-domain discourse segmentation of entire documents}}
@INPROCEEDINGS{shortpapers-3240,
   AUTHOR = {Ludusan, Bogdan and Mazuka, Reiko and Bernard, Mathieu and Cristia, Alejandrina and Dupoux, Emmanuel},
   SORTNAME = {Ludusan, Bogdan and Mazuka, Reiko and Bernard, Mathieu and Cristia, Alejandrina and Dupoux, Emmanuel},
   TITLE = {The Role of Prosody and Speech Register in Word Segmentation: A Computational Modelling Perspective}}
@INPROCEEDINGS{shortpapers-3242,
   AUTHOR = {Wang, Weiyue and Alkhouli, Tamer and Zhu, Derui and Ney, Hermann},
   SORTNAME = {Wang, Weiyue and Alkhouli, Tamer and Zhu, Derui and Ney, Hermann},
   TITLE = {Hybrid Neural Network Alignment and Lexicon Model in Direct HMM for Statistical Machine Translation}}
@INPROCEEDINGS{shortpapers-3246,
   AUTHOR = {Fadaee, Marzieh and Bisazza, Arianna and Monz, Christof},
   SORTNAME = {Fadaee, Marzieh and Bisazza, Arianna and Monz, Christof},
   TITLE = {Learning Topic-Sensitive Word Representations}}
@INPROCEEDINGS{shortpapers-3249,
   AUTHOR = {Fadaee, Marzieh and Bisazza, Arianna and Monz, Christof},
   SORTNAME = {Fadaee, Marzieh and Bisazza, Arianna and Monz, Christof},
   TITLE = {Data Augmentation for Low-Resource Neural Machine Translation}}
@INPROCEEDINGS{shortpapers-3250,
   AUTHOR = {Shen, Xiaoyu and Su, Hui and Li, Yanran and Li, Wenjie and Niu, Shuzi and Zhao, Yang and Aizawa, Akiko and Long, Guoping},
   SORTNAME = {Shen, Xiaoyu and Su, Hui and Li, Yanran and Li, Wenjie and Niu, Shuzi and Zhao, Yang and Aizawa, Akiko and Long, Guoping},
   TITLE = {A Conditional Variational Framework for Dialog Generation}}
@INPROCEEDINGS{shortpapers-3255,
   AUTHOR = {Stanovsky, Gabriel and Eckle-Kohler, Judith and Puzikov, Yevgeniy and Dagan, Ido and Gurevych, Iryna},
   SORTNAME = {Stanovsky, Gabriel and Eckle-Kohler, Judith and Puzikov, Yevgeniy and Dagan, Ido and Gurevych, Iryna},
   TITLE = {Integrating Deep Linguistic Features in Factuality Prediction over Unified Datasets}}
@INPROCEEDINGS{shortpapers-3260,
   AUTHOR = {Mirza, Paramita and Razniewski, Simon and Darari, Fariz and Weikum, Gerhard},
   SORTNAME = {Mirza, Paramita and Razniewski, Simon and Darari, Fariz and Weikum, Gerhard},
   TITLE = {Cardinal Virtues: Extracting Relation Cardinalities from Text}}
@INPROCEEDINGS{shortpapers-3263,
   AUTHOR = {Wang, Yizhong and Li, Sujian and WANG, Houfeng},
   SORTNAME = {Wang, Yizhong and Li, Sujian and WANG, Houfeng},
   TITLE = {A Two-Stage Parsing Method for Text-Level Discourse Analysis}}
@INPROCEEDINGS{shortpapers-3279,
   AUTHOR = {Guo, Hongyu},
   SORTNAME = {Guo, Hongyu},
   TITLE = {A Deep Network with Visual Text Composition Behavior}}
@INPROCEEDINGS{shortpapers-3282,
   AUTHOR = {Rabinovich, Maxim and Klein, Dan},
   SORTNAME = {Rabinovich, Maxim and Klein, Dan},
   TITLE = {Fine-Grained Entity Typing with High-Multiplicity Assignments}}
@INPROCEEDINGS{shortpapers-3285,
   AUTHOR = {Eriguchi, Akiko and Tsuruoka, Yoshimasa and Cho, Kyunghyun},
   SORTNAME = {Eriguchi, Akiko and Tsuruoka, Yoshimasa and Cho, Kyunghyun},
   TITLE = {Learning to Parse and Translate Improves Neural Machine Translation}}
@INPROCEEDINGS{shortpapers-3296,
   AUTHOR = {Jiang, Youxuan and Kummerfeld, Jonathan K. and Lasecki, Walter S.},
   SORTNAME = {Jiang, Youxuan and Kummerfeld, Jonathan K. and Lasecki, Walter S.},
   TITLE = {Understanding Task Design Trade-offs in Crowdsourced Paraphrase Collection}}
@INPROCEEDINGS{shortpapers-3303,
   AUTHOR = {Wang, William Yang},
   SORTNAME = {Wang, William Yang},
   TITLE = {``Liar, Liar Pants on Fire'': A New Benchmark Dataset for Fake News Detection}}
@INPROCEEDINGS{shortpapers-3312,
   AUTHOR = {Kiritchenko, Svetlana and Mohammad, Saif M.},
   SORTNAME = {Kiritchenko, Svetlana and Mohammad, Saif M.},
   TITLE = {Best-Worst Scaling More Reliable than Rating Scales: A Case Study on Sentiment Intensity Annotation}}
@INPROCEEDINGS{shortpapers-3313,
   AUTHOR = {Sajjad, Hassan and Dalvi, Fahim and Durrani, Nadir and Abdelali, Ahmed and Belinkov, Yonatan and Vogel, Stephan},
   SORTNAME = {Sajjad, Hassan and Dalvi, Fahim and Durrani, Nadir and Abdelali, Ahmed and Belinkov, Yonatan and Vogel, Stephan},
   TITLE = {Challenging Language-Dependent Segmentation for Arabic: An Application to Machine Translation and Part-of-Speech Tagging}}
@INPROCEEDINGS{shortpapers-3318,
   AUTHOR = {Melamud, Oren and Goldberger, Jacob},
   SORTNAME = {Melamud, Oren and Goldberger, Jacob},
   TITLE = {Information-Theory Interpretation of the Skip-Gram Negative-Sampling Objective Function}}
@INPROCEEDINGS{shortpapers-3321,
   AUTHOR = {Peyrard, Maxime and Eckle-Kohler, Judith},
   SORTNAME = {Peyrard, Maxime and Eckle-Kohler, Judith},
   TITLE = {A Principled Framework for Evaluating Summarizers: Comparing Models of Summary Quality against Human Judgments}}
@INPROCEEDINGS{shortpapers-3322,
   AUTHOR = {Sakaguchi, Keisuke and Post, Matt and Van Durme, Benjamin},
   SORTNAME = {Sakaguchi, Keisuke and Post, Matt and Van Durme, Benjamin},
   TITLE = {Error-repair Dependency Parsing for Ungrammatical Texts}}
@INPROCEEDINGS{shortpapers-3326,
   AUTHOR = {Beigman Klebanov, Beata and Gyawali, Binod and Song, Yi},
   SORTNAME = {Beigman Klebanov, Beata and Gyawali, Binod and Song, Yi},
   TITLE = {Detecting Good Arguments in a Non-Topic-Specific Way: An Oxymoron?}}
@INPROCEEDINGS{shortpapers-3329,
   AUTHOR = {Rönnqvist, Samuel and Schenk, Niko and Chiarcos, Christian},
   SORTNAME = {Ronnqvist, Samuel and Schenk, Niko and Chiarcos, Christian},
   TITLE = {A Recurrent Neural Model with Attention for the Recognition of Chinese Implicit Discourse Relations}}
@INPROCEEDINGS{shortpapers-3331,
   AUTHOR = {Augenstein, Isabelle and Søgaard, Anders},
   SORTNAME = {Augenstein, Isabelle and Søgaard, Anders},
   TITLE = {Multi-Task Learning of Keyphrase Boundary Classification}}
@INPROCEEDINGS{shortpapers-3335,
   AUTHOR = {Hasanuzzaman, Mohammed and Kamila, Sabyasachi and Kaur, Mandeep and Saha, Sriparna and Ekbal, Asif},
   SORTNAME = {Hasanuzzaman, Mohammed and Kamila, Sabyasachi and Kaur, Mandeep and Saha, Sriparna and Ekbal, Asif},
   TITLE = {Temporal Orientation of Tweets for Predicting Income of Users}}
@INPROCEEDINGS{shortpapers-3340,
   AUTHOR = {Mu, Jiaqi and Bhat, Suma and Viswanath, Pramod},
   SORTNAME = {Mu, Jiaqi and Bhat, Suma and Viswanath, Pramod},
   TITLE = {Representing Sentences as Low-Rank Subspaces}}
@INPROCEEDINGS{shortpapers-3351,
   AUTHOR = {Wang, Xinhao and Bruno, James and Molloy, Hillary and Evanini, Keelan and Zechner, Klaus},
   SORTNAME = {Wang, Xinhao and Bruno, James and Molloy, Hillary and Evanini, Keelan and Zechner, Klaus},
   TITLE = {Discourse Annotation of Non-native Spontaneous Spoken Responses Using the Rhetorical Structure Theory Framework}}
@INPROCEEDINGS{shortpapers-3352,
   AUTHOR = {Tourille, Julien and Ferret, Olivier and Neveol, Aurelie and Tannier, Xavier},
   SORTNAME = {Tourille, Julien and Ferret, Olivier and Neveol, Aurelie and Tannier, Xavier},
   TITLE = {Neural Architecture for Temporal Relation Extraction: A Bi-LSTM Approach for Detecting Narrative Containers}}
@INPROCEEDINGS{shortpapers-3360,
   AUTHOR = {Almodaresi, Fatemeh and Ungar, Lyle and Kulkarni, Vivek and Zakeri, Mohsen and Giorgi, Salvatore and Schwartz, H. Andrew},
   SORTNAME = {Almodaresi, Fatemeh and Ungar, Lyle and Kulkarni, Vivek and Zakeri, Mohsen and Giorgi, Salvatore and Schwartz, H. Andrew},
   TITLE = {On the Distribution of Lexical Features at Multiple Levels of Analysis}}
@INPROCEEDINGS{shortpapers-3365,
   AUTHOR = {Son, Youngseo and Buffone, Anneke and Raso, Joe and Larche, Allegra and Janocko, Anthony and Zembroski, Kevin and Schwartz, H. Andrew and Ungar, Lyle},
   SORTNAME = {Son, Youngseo and Buffone, Anneke and Raso, Joe and Larche, Allegra and Janocko, Anthony and Zembroski, Kevin and Schwartz, H. Andrew and Ungar, Lyle},
   TITLE = {Recognizing Counterfactual Thinking in Social Media Texts}}
@INPROCEEDINGS{shortpapers-3369,
   AUTHOR = {Abad, Azad and Nabi, Moin and Moschitti, Alessandro},
   SORTNAME = {Abad, Azad and Nabi, Moin and Moschitti, Alessandro},
   TITLE = {Self-Crowdsourcing Training for Relation Extraction}}
@INPROCEEDINGS{shortpapers-3383,
   AUTHOR = {Volkova, Svitlana and Shaffer, Kyle and Jang, Jin Yea and Hodas, Nathan},
   SORTNAME = {Volkova, Svitlana and Shaffer, Kyle and Jang, Jin Yea and Hodas, Nathan},
   TITLE = {Separating Facts from Fiction: Linguistic Models to Classify Suspicious and Trusted News Posts on Twitter}}
@INPROCEEDINGS{shortpapers-3384,
   AUTHOR = {Chen, Lingzhen and Strapparava, Carlo and Nastase, Vivi},
   SORTNAME = {Chen, Lingzhen and Strapparava, Carlo and Nastase, Vivi},
   TITLE = {Improving Native Language Identification by Using Spelling Errors}}
@INPROCEEDINGS{shortpapers-3392,
   AUTHOR = {Qi, Peng and Manning, Christopher D.},
   SORTNAME = {Qi, Peng and Manning, Christopher D.},
   TITLE = {Arc-swift: A Novel Transition System for Dependency Parsing}}
@INPROCEEDINGS{shortpapers-3394,
   AUTHOR = {Fang, Meng and Cohn, Trevor},
   SORTNAME = {Fang, Meng and Cohn, Trevor},
   TITLE = {Model Transfer for Tagging Low-resource Languages using a Bilingual Dictionary}}
@INPROCEEDINGS{shortpapers-3407,
   AUTHOR = {Stanojević, Miloš and Sima'an, Khalil},
   SORTNAME = {Stanojevic, Milos and Sima'an, Khalil},
   TITLE = {Alternative Objective Functions for Training MT Evaluation Metrics}}
@INPROCEEDINGS{shortpapers-3410,
   AUTHOR = {Hua, Xinyu and Wang, Lu},
   SORTNAME = {Hua, Xinyu and Wang, Lu},
   TITLE = {Understanding and Detecting Diverse Supporting Arguments on Controversial Issues}}
@INPROCEEDINGS{shortpapers-3414,
   AUTHOR = {Wolfe, Travis and Dredze, Mark and Van Durme, Benjamin},
   SORTNAME = {Wolfe, Travis and Dredze, Mark and Van Durme, Benjamin},
   TITLE = {Pocket Knowledge Base Population}}
@INPROCEEDINGS{shortpapers-3417,
   AUTHOR = {Rahimi, Afshin and Cohn, Trevor and Baldwin, Timothy},
   SORTNAME = {Rahimi, Afshin and Cohn, Trevor and Baldwin, Timothy},
   TITLE = {A Neural Model for User Geolocation and Lexical Dialectology}}
@INPROCEEDINGS{shortpapers-3424,
   AUTHOR = {Shiue, Yow-Ting and Huang, Hen-Hsen and Chen, Hsin-Hsi},
   SORTNAME = {Shiue, Yow-Ting and Huang, Hen-Hsen and Chen, Hsin-Hsi},
   TITLE = {Detection of Chinese Word Usage Errors for Non-Native Chinese Learners with Bidirectional LSTM}}
@INPROCEEDINGS{shortpapers-3433,
   AUTHOR = {Khot, Tushar and Sabharwal, Ashish and Clark, Peter},
   SORTNAME = {Khot, Tushar and Sabharwal, Ashish and Clark, Peter},
   TITLE = {Answering Complex Questions Using Open Information Extraction}}
@INPROCEEDINGS{shortpapers-3434,
   AUTHOR = {Hayashi, Katsuhiko and Shimbo, Masashi},
   SORTNAME = {Hayashi, Katsuhiko and Shimbo, Masashi},
   TITLE = {On the Equivalence of Holographic and Complex Embeddings for Link Prediction}}
@INPROCEEDINGS{shortpapers-3441,
   AUTHOR = {Rashkin, Hannah and Bell, Eric and Choi, Yejin and Volkova, Svitlana},
   SORTNAME = {Rashkin, Hannah and Bell, Eric and Choi, Yejin and Volkova, Svitlana},
   TITLE = {Multilingual Connotation Frames: A Case Study on Social Media for Targeted Sentiment Analysis and Forecast}}
@INPROCEEDINGS{shortpapers-3452,
   AUTHOR = {Suhr, Alane and Lewis, Mike and Yeh, James and Artzi, Yoav},
   SORTNAME = {Suhr, Alane and Lewis, Mike and Yeh, James and Artzi, Yoav},
   TITLE = {A Corpus of Natural Language for Visual Reasoning}}
@INPROCEEDINGS{shortpapers-3457,
   AUTHOR = {Toleu, Alymzhan and Tolegen, Gulmira and Makazhanov, Aibek},
   SORTNAME = {Toleu, Alymzhan and Tolegen, Gulmira and Makazhanov, Aibek},
   TITLE = {Character-Aware Neural Morphological Disambiguation}}
@INPROCEEDINGS{shortpapers-3463,
   AUTHOR = {Zhou, Hao and Tu, Zhaopeng and Huang, Shujian and Liu, Xiaohua and Li, Hang and Chen, Jiajun},
   SORTNAME = {Zhou, Hao and Tu, Zhaopeng and Huang, Shujian and Liu, Xiaohua and Li, Hang and Chen, Jiajun},
   TITLE = {Chunk-Based Bi-Scale Decoder for Neural Machine Translation}}
@INPROCEEDINGS{shortpapers-3464,
   AUTHOR = {Prud'hommeaux, Emily and van Santen, Jan and Gliner, Douglas},
   SORTNAME = {Prud'hommeaux, Emily and van Santen, Jan and Gliner, Douglas},
   TITLE = {Vector space models for evaluating semantic fluency in autism}}
@INPROCEEDINGS{shortpapers-3469,
   AUTHOR = {Cheng, Fei and Miyao, Yusuke},
   SORTNAME = {Cheng, Fei and Miyao, Yusuke},
   TITLE = {Classifying Temporal Relations by Bidirectional LSTM over Dependency Paths}}
@INPROCEEDINGS{shortpapers-3470,
   AUTHOR = {Goyal, Kartik and Dyer, Chris and Berg-Kirkpatrick, Taylor},
   SORTNAME = {Goyal, Kartik and Dyer, Chris and Berg-Kirkpatrick, Taylor},
   TITLE = {Differentiable Scheduled Sampling for Credit Assignment}}
@INPROCEEDINGS{shortpapers-3474,
   AUTHOR = {Min, Sewon and Seo, Minjoon and Hajishirzi, Hannaneh},
   SORTNAME = {Min, Sewon and Seo, Minjoon and Hajishirzi, Hannaneh},
   TITLE = {Question Answering through Transfer Learning from Large Fine-grained Supervision Data}}
@INPROCEEDINGS{shortpapers-3478,
   AUTHOR = {Das, Rajarshi and Zaheer, Manzil and Reddy, Siva and McCallum, Andrew},
   SORTNAME = {Das, Rajarshi and Zaheer, Manzil and Reddy, Siva and McCallum, Andrew},
   TITLE = {Question Answering on Knowledge Bases and Text using Universal Schema and Memory Networks}}
@INPROCEEDINGS{shortpapers-3480,
   AUTHOR = {Hirao, Tsutomu and Nishino, Masaaki and Nagata, Masaaki},
   SORTNAME = {Hirao, Tsutomu and Nishino, Masaaki and Nagata, Masaaki},
   TITLE = {Oracle Summaries of Compressive Summarization}}
@INPROCEEDINGS{shortpapers-3484,
   AUTHOR = {Ryskina, Maria and Alpert-Abrams, Hannah and Garrette, Dan and Berg-Kirkpatrick, Taylor},
   SORTNAME = {Ryskina, Maria and Alpert-Abrams, Hannah and Garrette, Dan and Berg-Kirkpatrick, Taylor},
   TITLE = {Automatic Compositor Attribution in the First Folio of Shakespeare}}
@INPROCEEDINGS{shortpapers-3485,
   AUTHOR = {Sanagavarapu, Krishna Chaitanya and Vempala, Alakananda and Blanco, Eduardo},
   SORTNAME = {Sanagavarapu, Krishna Chaitanya and Vempala, Alakananda and Blanco, Eduardo},
   TITLE = {Determining Whether and When People Participate in the Events They Tweet About}}
@INPROCEEDINGS{shortpapers-3486,
   AUTHOR = {Ma, Mingbo and Huang, Liang and Xiang, Bing and Zhou, Bowen},
   SORTNAME = {Ma, Mingbo and Huang, Liang and Xiang, Bing and Zhou, Bowen},
   TITLE = {Group Sparse CNNs for Question Classification with Answer Sets}}
@INPROCEEDINGS{shortpapers-3492,
   AUTHOR = {Vijayaraghavan, Prashanth and Vosoughi, Soroush and Roy, Deb},
   SORTNAME = {Vijayaraghavan, Prashanth and Vosoughi, Soroush and Roy, Deb},
   TITLE = {Twitter Demographic Classification Using Deep Multi-modal Multi-task Learning}}
@INPROCEEDINGS{shortpapers-3498,
   AUTHOR = {Cai, Zheng and Tu, Lifu and Gimpel, Kevin},
   SORTNAME = {Cai, Zheng and Tu, Lifu and Gimpel, Kevin},
   TITLE = {Pay Attention to the Ending:Strong Neural Baselines for the ROC Story Cloze Task}}
@INPROCEEDINGS{shortpapers-3510,
   AUTHOR = {Nisioi, Sergiu and Štajner, Sanja and Ponzetto, Simone Paolo and Dinu, Liviu P.},
   SORTNAME = {Nisioi, Sergiu and Stajner, Sanja and Ponzetto, Simone Paolo and Dinu, Liviu P.},
   TITLE = {Exploring Neural Text Simplification Models}}
@INPROCEEDINGS{shortpapers-3511,
   AUTHOR = {Savenkov, Denis and Agichtein, Eugene},
   SORTNAME = {Savenkov, Denis and Agichtein, Eugene},
   TITLE = {EviNets: Neural Networks for Combining Evidence Signals for Factoid Question Answering}}
@INPROCEEDINGS{shortpapers-3513,
   AUTHOR = {Dahlmeier, Daniel},
   SORTNAME = {Dahlmeier, Daniel},
   TITLE = {On the Challenges of Translating NLP Research into Commercial Products}}
@INPROCEEDINGS{shortpapers-3528,
   AUTHOR = {Loyola, Pablo and Marrese-Taylor, Edison and Matsuo, Yutaka},
   SORTNAME = {Loyola, Pablo and Marrese-Taylor, Edison and Matsuo, Yutaka},
   TITLE = {A Neural Architecture for Generating Natural Language Descriptions from Source Code Changes}}
@INPROCEEDINGS{shortpapers-3541,
   AUTHOR = {Jurgens, David and Tsvetkov, Yulia and Jurafsky, Dan},
   SORTNAME = {Jurgens, David and Tsvetkov, Yulia and Jurafsky, Dan},
   TITLE = {Incorporating Dialectal Variability for Socially Equitable Language Identification}}
@INPROCEEDINGS{shortpapers-3554,
   AUTHOR = {Hasegawa, Shun and Kikuchi, Yuta and Takamura, Hiroya and Okumura, Manabu},
   SORTNAME = {Hasegawa, Shun and Kikuchi, Yuta and Takamura, Hiroya and Okumura, Manabu},
   TITLE = {Japanese Sentence Compression with a Large Training Dataset}}
@INPROCEEDINGS{shortpapers-3556,
   AUTHOR = {van der Goot, Rob and van Noord, Gertjan},
   SORTNAME = {van der Goot, Rob and van Noord, Gertjan},
   TITLE = {Parser Adaptation for Social Media by Integrating Normalization}}
@INPROCEEDINGS{shortpapers-3564,
   AUTHOR = {Aharoni, Roee and Goldberg, Yoav},
   SORTNAME = {Aharoni, Roee and Goldberg, Yoav},
   TITLE = {Towards String-To-Tree Neural Machine Translation}}
@INPROCEEDINGS{shortpapers-3574,
   AUTHOR = {Kim, Sunghwan Mac and Xu, Qiongkai and Qu, Lizhen and Wan, Stephen and Paris, Cecile},
   SORTNAME = {Kim, Sunghwan Mac and Xu, Qiongkai and Qu, Lizhen and Wan, Stephen and Paris, Cecile},
   TITLE = {Demographic Inference on Twitter using Recursive Neural Networks}}
@INPROCEEDINGS{shortpapers-3577,
   AUTHOR = {Komninos, Alexandros and Manandhar, Suresh},
   SORTNAME = {Komninos, Alexandros and Manandhar, Suresh},
   TITLE = {Feature-Rich Networks for Knowledge Base Completion}}
@INPROCEEDINGS{shortpapers-3580,
   AUTHOR = {Libovický, Jindřich and Helcl, Jindřich},
   SORTNAME = {Libovicky, Jindrich and Helcl, Jindrich},
   TITLE = {Attention Strategies for Multi-Source Sequence-to-Sequence Learning}}
@INPROCEEDINGS{shortpapers-3584,
   AUTHOR = {Fried, Daniel and Stern, Mitchell and Klein, Dan},
   SORTNAME = {Fried, Daniel and Stern, Mitchell and Klein, Dan},
   TITLE = {Improving Neural Parsing by Disentangling Model Combination and Reranking Effects}}
