@INPROCEEDINGS{NLPandCSS-013,
   AUTHOR = {Jha, Akshita and Mamidi, Radhika},
   SORTNAME = {Jha, Akshita and Mamidi, Radhika},
   TITLE = {When does a compliment become sexist? Analysis and classification of ambivalent sexism using twitter data}}
@INPROCEEDINGS{NLPandCSS-014,
   AUTHOR = {Ljubešić, Nikola and Fišer, Darja and Erjavec, Tomaž},
   SORTNAME = {Ljubesic, Nikola and Fiser, Darja and Erjavec, Tomaz},
   TITLE = {Language-independent Gender Prediction on Twitter}}
@INPROCEEDINGS{NLPandCSS-017,
   AUTHOR = {Glavaš, Goran and Nanni, Federico and Ponzetto, Simone Paolo},
   SORTNAME = {Glavas, Goran and Nanni, Federico and Ponzetto, Simone Paolo},
   TITLE = {Cross-Lingual Classification of Topics in Political Texts}}
@INPROCEEDINGS{NLPandCSS-021,
   AUTHOR = {Zielinski, Andrea and Mutschke, Peter},
   SORTNAME = {Zielinski, Andrea and Mutschke, Peter},
   TITLE = {Mining Social Science Publications for Survey Variables}}
@INPROCEEDINGS{NLPandCSS-028,
   AUTHOR = {Prabhumoye, Shrimai and Choudhary, Samridhi and Spiliopoulou, Evangelia and Bogart, Christopher and Rose, Carolyn and Black, Alan W},
   SORTNAME = {Prabhumoye, Shrimai and Choudhary, Samridhi and Spiliopoulou, Evangelia and Bogart, Christopher and Rose, Carolyn and Black, Alan W},
   TITLE = {Linguistic Markers of Influence in Informal Interactions}}
@INPROCEEDINGS{NLPandCSS-029,
   AUTHOR = {Tatman, Rachael and Stewart, Leo and Paullada, Amandalynne and Spiro, Emma},
   SORTNAME = {Tatman, Rachael and Stewart, Leo and Paullada, Amandalynne and Spiro, Emma},
   TITLE = {Non-lexical Features Encode Political Affiliation on Twitter}}
@INPROCEEDINGS{NLPandCSS-030,
   AUTHOR = {Preoţiuc-Pietro, Daniel and Carpenter, Jordan and Ungar, Lyle},
   SORTNAME = {Preotiuc-Pietro, Daniel and Carpenter, Jordan and Ungar, Lyle},
   TITLE = {Personality Driven Differences in Paraphrase Preference}}
@INPROCEEDINGS{NLPandCSS-032,
   AUTHOR = {Murray, Gabriel},
   SORTNAME = {Murray, Gabriel},
   TITLE = {Modelling Participation in Small Group Social Sequences with Markov Rewards Analysis}}
@INPROCEEDINGS{NLPandCSS-033,
   AUTHOR = {Yoder, Michael and Rijhwani, Shruti and Rosé, Carolyn and Levin, Lori},
   SORTNAME = {Yoder, Michael and Rijhwani, Shruti and Rose, Carolyn and Levin, Lori},
   TITLE = {Code-Switching as a Social Act: The Case of Arabic Wikipedia Talk Pages}}
@INPROCEEDINGS{NLPandCSS-037,
   AUTHOR = {Wood-Doughty, Zach and Smith, Michael and Broniatowski, David and Dredze, Mark},
   SORTNAME = {Wood-Doughty, Zach and Smith, Michael and Broniatowski, David and Dredze, Mark},
   TITLE = {How Does Twitter User Behavior Vary Across Demographic Groups?}}
@INPROCEEDINGS{NLPandCSS-038,
   AUTHOR = {Johnson, Kristen and Lee, I-Ta and Goldwasser, Dan},
   SORTNAME = {Johnson, Kristen and Lee, I-Ta and Goldwasser, Dan},
   TITLE = {Ideological Phrase Indicators for Classification of Political Discourse Framing on Twitter}}
@INPROCEEDINGS{NLPandCSS-006,
   AUTHOR = {Martin, Trevor},
   SORTNAME = {Martin, Trevor},
   TITLE = {community2vec: Vector representations of online communities encode semantic relationships}}
@INPROCEEDINGS{NLPandCSS-008,
   AUTHOR = {Addawood, Aseel and Rezapour, Rezvaneh and Abdar, Omid and Diesner, Jana},
   SORTNAME = {Addawood, Aseel and Rezapour, Rezvaneh and Abdar, Omid and Diesner, Jana},
   TITLE = {Telling Apart Tweets Associated with Controversial versus Non-Controversial Topics}}
