@INPROCEEDINGS{TextGraphs-11-011,
   AUTHOR = {Hernández-González, Jerónimo and Hruschka Jr., Estevam R. and Mitchell, Tom M.},
   SORTNAME = {Hernandez-Gonzalez, Jeronimo and Hruschka Jr., Estevam R. and Mitchell, Tom M.},
   TITLE = {Merging knowledge bases in different languages}}
@INPROCEEDINGS{TextGraphs-11-013,
   AUTHOR = {Alkhereyf, Sakhar and Rambow, Owen},
   SORTNAME = {Alkhereyf, Sakhar and Rambow, Owen},
   TITLE = {Work Hard, Play Hard: Email Classification on the Avocado and Enron Corpora}}
@INPROCEEDINGS{TextGraphs-11-014,
   AUTHOR = {Marinho, Vanessa Queiroz and de Arruda, Henrique Ferraz and Sinelli, Thales and Costa, Luciano da Fontoura and Amancio, Diego Raphael},
   SORTNAME = {Marinho, Vanessa Queiroz and de Arruda, Henrique Ferraz and Sinelli, Thales and Costa, Luciano da Fontoura and Amancio, Diego Raphael},
   TITLE = {On the ``Calligraphy'' of Books}}
@INPROCEEDINGS{TextGraphs-11-002,
   AUTHOR = {Mathew, Binny and Maity, Suman Kalyan and Sarkar, Pratip and Mukherjee, Animesh and Goyal, Pawan},
   SORTNAME = {Mathew, Binny and Maity, Suman Kalyan and Sarkar, Pratip and Mukherjee, Animesh and Goyal, Pawan},
   TITLE = {Adapting predominant and novel sense discovery algorithms for identifying corpus-specific sense differences}}
@INPROCEEDINGS{TextGraphs-11-020,
   AUTHOR = {Baker, Collin and Ellsworth, Michael},
   SORTNAME = {Baker, Collin and Ellsworth, Michael},
   TITLE = {Graph Methods for Multilingual FrameNets}}
@INPROCEEDINGS{TextGraphs-11-022,
   AUTHOR = {Krishna, Amrith and Satuluri, Pavankumar and Ponnada, Harshavardhan and Ahmed, Muneeb and Arora, Gulab and Hiware, Kaustubh and Goyal, Pawan},
   SORTNAME = {Krishna, Amrith and Satuluri, Pavankumar and Ponnada, Harshavardhan and Ahmed, Muneeb and Arora, Gulab and Hiware, Kaustubh and Goyal, Pawan},
   TITLE = {A Graph Based Semi-Supervised Approach for Analysis of Derivational Nouns in Sanskrit}}
@INPROCEEDINGS{TextGraphs-11-004,
   AUTHOR = {Putra, Jan Wira Gotama and Tokunaga, Takenobu},
   SORTNAME = {Putra, Jan Wira Gotama and Tokunaga, Takenobu},
   TITLE = {Evaluating text coherence based on semantic similarity graph}}
@INPROCEEDINGS{TextGraphs-11-007,
   AUTHOR = {Fukui, Kazuki and Oshikiri, Takamasa and Shimodaira, Hidetoshi},
   SORTNAME = {Fukui, Kazuki and Oshikiri, Takamasa and Shimodaira, Hidetoshi},
   TITLE = {Spectral Graph-Based Method of Multimodal Word Embedding}}
@INPROCEEDINGS{TextGraphs-11-008,
   AUTHOR = {Trost, Thomas Alexander and Klakow, Dietrich},
   SORTNAME = {Trost, Thomas Alexander and Klakow, Dietrich},
   TITLE = {Parameter Free Hierarchical Graph-Based Clustering for Analyzing Continuous Word Embeddings}}
@INPROCEEDINGS{TextGraphs-11-009,
   AUTHOR = {Nayeem, Mir Tafseer and Chali, Yllias},
   SORTNAME = {Nayeem, Mir Tafseer and Chali, Yllias},
   TITLE = {Extract with Order for Coherent Multi-Document Summarization}}
