@INPROCEEDINGS{BUCC-010,
   AUTHOR = {Öktem, Alp and Farrús, Mireia and Wanner, Leo},
   SORTNAME = {Oktem, Alp and Farrus, Mireia and Wanner, Leo},
   TITLE = {Automatic Extraction of Parallel Speech Corpora from Dubbed Movies}}
@INPROCEEDINGS{BUCC-011,
   AUTHOR = {Neves, Mariana},
   SORTNAME = {Neves, Mariana},
   TITLE = {A parallel collection of clinical trials in Portuguese and English}}
@INPROCEEDINGS{BUCC-012,
   AUTHOR = {Bloodgood, Michael and Strauss, Benjamin},
   SORTNAME = {Bloodgood, Michael and Strauss, Benjamin},
   TITLE = {Acquisition of Translation Lexicons for Historically Unwritten Languages via Bridging Loanwords}}
@INPROCEEDINGS{BUCC-013,
   AUTHOR = {Grover, Jeenu and Mitra, Pabitra},
   SORTNAME = {Grover, Jeenu and Mitra, Pabitra},
   TITLE = {Sentence Alignment using Unfolding Recursive Autoencoders}}
@INPROCEEDINGS{BUCC-014,
   AUTHOR = {Azpeitia, Andoni and Etchegoyhen, Thierry and Martínez Garcia, Eva},
   SORTNAME = {Azpeitia, Andoni and Etchegoyhen, Thierry and Martinez Garcia, Eva},
   TITLE = {Weighted Set-Theoretic Alignment of Comparable Sentences}}
@INPROCEEDINGS{BUCC-015,
   AUTHOR = {Grégoire, Francis and Langlais, Philippe},
   SORTNAME = {Gregoire, Francis and Langlais, Philippe},
   TITLE = {BUCC 2017 Shared Task: a First Attempt Toward a Deep Learning Framework for Identifying Parallel Sentences in Comparable Corpora}}
@INPROCEEDINGS{BUCC-016,
   AUTHOR = {Zhang, Zheng and Zweigenbaum, Pierre},
   SORTNAME = {Zhang, Zheng and Zweigenbaum, Pierre},
   TITLE = {zNLP: Identifying Parallel Sentences in Chinese-English Comparable Corpora}}
@INPROCEEDINGS{BUCC-017,
   AUTHOR = {Mahata, Sainik and Das, Dipankar and Bandyopadhyay, Sivaji},
   SORTNAME = {Mahata, Sainik and Das, Dipankar and Bandyopadhyay, Sivaji},
   TITLE = {BUCC2017: A Hybrid Approach for Identifying Parallel Sentences in Comparable Corpora}}
@INPROCEEDINGS{BUCC-018,
   AUTHOR = {Langlais, Philippe},
   SORTNAME = {Langlais, Philippe},
   TITLE = {Users and Data: The Two Neglected Children of Bilingual Natural Language Processing Research}}
@INPROCEEDINGS{BUCC-019,
   AUTHOR = {Zweigenbaum, Pierre and Sharoff, Serge and Rapp, Reinhard},
   SORTNAME = {Zweigenbaum, Pierre and Sharoff, Serge and Rapp, Reinhard},
   TITLE = {Overview of the Second BUCC Shared Task: Spotting Parallel Sentences in Comparable Corpora}}
@INPROCEEDINGS{BUCC-007,
   AUTHOR = {Ferrero, Jérémy and Besacier, Laurent and Schwab, Didier and Agnès, Frédéric},
   SORTNAME = {Ferrero, Jeremy and Besacier, Laurent and Schwab, Didier and Agnes, Frederic},
   TITLE = {Deep Investigation of Cross-Language Plagiarism Detection Methods}}
@INPROCEEDINGS{BUCC-008,
   AUTHOR = {Milajevs, Dmitrijs},
   SORTNAME = {Milajevs, Dmitrijs},
   TITLE = {Toward a Comparable Corpus of Latvian, Russian and English Tweets}}
