@INPROCEEDINGS{CoNLL-110,
   AUTHOR = {Marcheggiani, Diego and Frolov, Anton and Titov, Ivan},
   SORTNAME = {Marcheggiani, Diego and Frolov, Anton and Titov, Ivan},
   TITLE = {A Simple and Accurate Syntax-Agnostic Neural Model for Dependency-based Semantic Role Labeling}}
@INPROCEEDINGS{CoNLL-112,
   AUTHOR = {Torabi Asr, Fatemeh and Jones, Michael},
   SORTNAME = {Torabi Asr, Fatemeh and Jones, Michael},
   TITLE = {An Artificial Language Evaluation of Distributional Semantic Models}}
@INPROCEEDINGS{CoNLL-117,
   AUTHOR = {Joty, Shafiq and Nakov, Preslav and Màrquez, Lluís and Jaradat, Israa},
   SORTNAME = {Joty, Shafiq and Nakov, Preslav and Marquez, Lluis and Jaradat, Israa},
   TITLE = {Cross-language Learning with Adversarial Neural Networks}}
@INPROCEEDINGS{CoNLL-013,
   AUTHOR = {Wiese, Georg and Weissenborn, Dirk and Neves, Mariana},
   SORTNAME = {Wiese, Georg and Weissenborn, Dirk and Neves, Mariana},
   TITLE = {Neural Domain Adaptation for Biomedical Question Answering}}
@INPROCEEDINGS{CoNLL-148,
   AUTHOR = {Jameel, Shoaib and Schockaert, Steven},
   SORTNAME = {Jameel, Shoaib and Schockaert, Steven},
   TITLE = {Modeling Context Words as Regions: An Ordinal Regression Approach to Word Embedding}}
@INPROCEEDINGS{CoNLL-152,
   AUTHOR = {Song, Yan and Lee, Chia-Jung and Xia, Fei},
   SORTNAME = {Song, Yan and Lee, Chia-Jung and Xia, Fei},
   TITLE = {Learning Word Representations with Regularization from Prior Knowledge}}
@INPROCEEDINGS{CoNLL-157,
   AUTHOR = {Schlechtweg, Dominik and Eckmann, Stefanie and Santus, Enrico and Schulte im Walde, Sabine and Hole, Daniel},
   SORTNAME = {Schlechtweg, Dominik and Eckmann, Stefanie and Santus, Enrico and Schulte im Walde, Sabine and Hole, Daniel},
   TITLE = {German in Flux: Detecting Metaphoric Change via Word Entropy}}
@INPROCEEDINGS{CoNLL-160,
   AUTHOR = {Peng, Haoruo and Chaturvedi, Snigdha and Roth, Dan},
   SORTNAME = {Peng, Haoruo and Chaturvedi, Snigdha and Roth, Dan},
   TITLE = {A Joint Model for Semantic Sequences: Frames, Entities, Sentiments}}
@INPROCEEDINGS{CoNLL-161,
   AUTHOR = {Collins, Ed and Augenstein, Isabelle and Riedel, Sebastian},
   SORTNAME = {Collins, Ed and Augenstein, Isabelle and Riedel, Sebastian},
   TITLE = {A Supervised Approach to Extractive Summarisation of Scientific Papers}}
@INPROCEEDINGS{CoNLL-164,
   AUTHOR = {Uryupina, Olga and Moschitti, Alessandro},
   SORTNAME = {Uryupina, Olga and Moschitti, Alessandro},
   TITLE = {Collaborative Partitioning for Coreference Resolution}}
@INPROCEEDINGS{CoNLL-166,
   AUTHOR = {Samih, Younes and Eldesouki, Mohamed and Attia, Mohammed and Darwish, Kareem and Abdelali, Ahmed and Mubarak, Hamdy and Kallmeyer, Laura},
   SORTNAME = {Samih, Younes and Eldesouki, Mohamed and Attia, Mohammed and Darwish, Kareem and Abdelali, Ahmed and Mubarak, Hamdy and Kallmeyer, Laura},
   TITLE = {Learning from Relatives: Unified Dialectal Arabic Segmentation}}
@INPROCEEDINGS{CoNLL-169,
   AUTHOR = {Le, Phong and Titov, Ivan},
   SORTNAME = {Le, Phong and Titov, Ivan},
   TITLE = {Optimizing Differentiable Relaxations of Coreference Evaluation Metrics}}
@INPROCEEDINGS{CoNLL-179,
   AUTHOR = {Renduchintala, Adithya and Koehn, Philipp and Eisner, Jason},
   SORTNAME = {Renduchintala, Adithya and Koehn, Philipp and Eisner, Jason},
   TITLE = {Knowledge Tracing in Sequential Learning of Inflected Vocabulary}}
@INPROCEEDINGS{CoNLL-018,
   AUTHOR = {Ziser, Yftah and Reichart, Roi},
   SORTNAME = {Ziser, Yftah and Reichart, Roi},
   TITLE = {Neural Structural Correspondence Learning for Domain Adaptation}}
@INPROCEEDINGS{CoNLL-181,
   AUTHOR = {Chen, I-Hsuan and Long, Yunfei and Lu, Qin and Huang, Chu-Ren},
   SORTNAME = {Chen, I-Hsuan and Long, Yunfei and Lu, Qin and Huang, Chu-Ren},
   TITLE = {Leveraging Eventive Information for Better Metaphor Detection and Classification}}
@INPROCEEDINGS{CoNLL-189,
   AUTHOR = {Nicosia, Massimo and Moschitti, Alessandro},
   SORTNAME = {Nicosia, Massimo and Moschitti, Alessandro},
   TITLE = {Learning Contextual Embeddings for Structural Semantic Similarity using Categorical Information}}
@INPROCEEDINGS{CoNLL-198,
   AUTHOR = {Dong, Fei and Zhang, Yue and Yang, Jie},
   SORTNAME = {Dong, Fei and Zhang, Yue and Yang, Jie},
   TITLE = {Attention-based Recurrent Convolutional Neural Network for Automatic Essay Scoring}}
@INPROCEEDINGS{CoNLL-204,
   AUTHOR = {Saparov, Abulhair and Saraswat, Vijay and Mitchell, Tom M.},
   SORTNAME = {Saparov, Abulhair and Saraswat, Vijay and Mitchell, Tom M.},
   TITLE = {A Probabilistic Generative Grammar for Semantic Parsing}}
@INPROCEEDINGS{CoNLL-209,
   AUTHOR = {Chen, Huadong and Huang, Shujian and Chiang, David and Dai, Xin-Yu and Chen, Jiajun},
   SORTNAME = {Chen, Huadong and Huang, Shujian and Chiang, David and Dai, Xin-Yu and Chen, Jiajun},
   TITLE = {Top-Rank Enhanced Listwise Optimization for Statistical Machine Translation}}
@INPROCEEDINGS{CoNLL-212,
   AUTHOR = {Chen, Henry Y. and Zhou, Ethan and Choi, Jinho D.},
   SORTNAME = {Chen, Henry Y. and Zhou, Ethan and Choi, Jinho D.},
   TITLE = {Robust Coreference Resolution and Entity Linking on Dialogues: Character Identification on TV Show Transcripts}}
@INPROCEEDINGS{CoNLL-217,
   AUTHOR = {Li, Quanzhi and Shah, Sameena},
   SORTNAME = {Li, Quanzhi and Shah, Sameena},
   TITLE = {Learning Stock Market Sentiment Lexicon and Sentiment-Oriented Word Vector from StockTwits}}
@INPROCEEDINGS{CoNLL-218,
   AUTHOR = {Duong, Long and Afshar, Hadi and Estival, Dominique and Pink, Glen and Cohen, Philip and Johnson, Mark},
   SORTNAME = {Duong, Long and Afshar, Hadi and Estival, Dominique and Pink, Glen and Cohen, Philip and Johnson, Mark},
   TITLE = {Multilingual Semantic Parsing And Code-Switching}}
@INPROCEEDINGS{CoNLL-023,
   AUTHOR = {Sirts, Kairit and Piguet, Olivier and Johnson, Mark},
   SORTNAME = {Sirts, Kairit and Piguet, Olivier and Johnson, Mark},
   TITLE = {Idea density for predicting Alzheimer's disease from transcribed speech}}
@INPROCEEDINGS{CoNLL-258,
   AUTHOR = {Bhatia, Shraey and Lau, Jey Han and Baldwin, Timothy},
   SORTNAME = {Bhatia, Shraey and Lau, Jey Han and Baldwin, Timothy},
   TITLE = {An Automatic Approach for Document-level Topic Model Evaluation}}
@INPROCEEDINGS{CoNLL-259,
   AUTHOR = {Inoue, Go and Shindo, Hiroyuki and Matsumoto, Yuji},
   SORTNAME = {Inoue, Go and Shindo, Hiroyuki and Matsumoto, Yuji},
   TITLE = {Joint Prediction of Morphosyntactic Categories for Fine-Grained Arabic Part-of-Speech Tagging Exploiting Tag Dictionary Information}}
@INPROCEEDINGS{CoNLL-260,
   AUTHOR = {Hulden, Mans},
   SORTNAME = {Hulden, Mans},
   TITLE = {A phoneme clustering algorithm based on the obligatory contour principle}}
@INPROCEEDINGS{CoNLL-284,
   AUTHOR = {Ruzsics, Tatyana and Samardzic, Tanja},
   SORTNAME = {Ruzsics, Tatyana and Samardzic, Tanja},
   TITLE = {Neural Sequence-to-sequence Learning of Internal Word Structure}}
@INPROCEEDINGS{CoNLL-291,
   AUTHOR = {Dyer, Chris},
   SORTNAME = {Dyer, Chris},
   TITLE = {Should Neural Network Architecture Reflect Linguistic Structure?}}
@INPROCEEDINGS{CoNLL-292,
   AUTHOR = {Feldman, Naomi},
   SORTNAME = {Feldman, Naomi},
   TITLE = {Rational Distortions of Learners' Linguistic Input}}
@INPROCEEDINGS{CoNLL-003,
   AUTHOR = {Sun, Weiwei and Du, Yantao and Wan, Xiaojun},
   SORTNAME = {Sun, Weiwei and Du, Yantao and Wan, Xiaojun},
   TITLE = {Parsing for Grammatical Relations via Graph Merging}}
@INPROCEEDINGS{CoNLL-032,
   AUTHOR = {Enguehard, Émile and Goldberg, Yoav and Linzen, Tal},
   SORTNAME = {Enguehard, Emile and Goldberg, Yoav and Linzen, Tal},
   TITLE = {Exploring the Syntactic Abilities of RNNs with Multi-task Learning}}
@INPROCEEDINGS{CoNLL-037,
   AUTHOR = {Mancini, Massimiliano and Camacho-Collados, Jose and Iacobacci, Ignacio and Navigli, Roberto},
   SORTNAME = {Mancini, Massimiliano and Camacho-Collados, Jose and Iacobacci, Ignacio and Navigli, Roberto},
   TITLE = {Embedding Words and Senses Together via Joint Knowledge-Enhanced Training}}
@INPROCEEDINGS{CoNLL-038,
   AUTHOR = {Levy, Omer and Seo, Minjoon and Choi, Eunsol and Zettlemoyer, Luke},
   SORTNAME = {Levy, Omer and Seo, Minjoon and Choi, Eunsol and Zettlemoyer, Luke},
   TITLE = {Zero-Shot Relation Extraction via Reading Comprehension}}
@INPROCEEDINGS{CoNLL-004,
   AUTHOR = {Zhang, Xun and Sun, Weiwei and Wan, Xiaojun},
   SORTNAME = {Zhang, Xun and Sun, Weiwei and Wan, Xiaojun},
   TITLE = {The Covert Helps Parse the Overt}}
@INPROCEEDINGS{CoNLL-042,
   AUTHOR = {Tran, Van-Khanh and Nguyen, Le-Minh},
   SORTNAME = {Tran, Van-Khanh and Nguyen, Le-Minh},
   TITLE = {Natural Language Generation for Spoken Dialogue System using RNN Encoder-Decoder Networks}}
@INPROCEEDINGS{CoNLL-043,
   AUTHOR = {Eshel, Yotam and Cohen, Noam and Radinsky, Kira and Markovitch, Shaul and Yamada, Ikuya and Levy, Omer},
   SORTNAME = {Eshel, Yotam and Cohen, Noam and Radinsky, Kira and Markovitch, Shaul and Yamada, Ikuya and Levy, Omer},
   TITLE = {Named Entity Disambiguation for Noisy Text}}
@INPROCEEDINGS{CoNLL-045,
   AUTHOR = {Alishahi, Afra and Barking, Marie and Chrupała, Grzegorz},
   SORTNAME = {Alishahi, Afra and Barking, Marie and Chrupała, Grzegorz},
   TITLE = {Encoding of phonology in a recurrent neural model of grounded speech}}
@INPROCEEDINGS{CoNLL-047,
   AUTHOR = {Sharp, Rebecca and Surdeanu, Mihai and Jansen, Peter and Valenzuela-Escárcega, Marco A. and Clark, Peter and Hammond, Michael},
   SORTNAME = {Sharp, Rebecca and Surdeanu, Mihai and Jansen, Peter and Valenzuela-Escarcega, Marco A. and Clark, Peter and Hammond, Michael},
   TITLE = {Tell Me Why: Using Question Answering as Distant Supervision for Answer Justification}}
@INPROCEEDINGS{CoNLL-052,
   AUTHOR = {Raj, Desh and Sahu, Sunil and Anand, Ashish},
   SORTNAME = {Raj, Desh and Sahu, Sunil and Anand, Ashish},
   TITLE = {Learning local and global contexts using a convolutional recurrent network model for relation classification in biomedical text}}
@INPROCEEDINGS{CoNLL-060,
   AUTHOR = {Paul, Michael J.},
   SORTNAME = {Paul, Michael J.},
   TITLE = {Feature Selection as Causal Inference: Experiments with Text Classification}}
@INPROCEEDINGS{CoNLL-066,
   AUTHOR = {Vulić, Ivan and Schwartz, Roy and Rappoport, Ari and Reichart, Roi and Korhonen, Anna},
   SORTNAME = {Vulic, Ivan and Schwartz, Roy and Rappoport, Ari and Reichart, Roi and Korhonen, Anna},
   TITLE = {Automatic Selection of Context Configurations for Improved Class-Specific Word Representations}}
@INPROCEEDINGS{CoNLL-070,
   AUTHOR = {Schwartz, Roy and Sap, Maarten and Konstas, Ioannis and Zilles, Leila and Choi, Yejin and Smith, Noah A.},
   SORTNAME = {Schwartz, Roy and Sap, Maarten and Konstas, Ioannis and Zilles, Leila and Choi, Yejin and Smith, Noah A.},
   TITLE = {The Effect of Different Writing Tasks on Linguistic Style: A Case Study of the ROC Story Cloze Task}}
@INPROCEEDINGS{CoNLL-080,
   AUTHOR = {Yasunaga, Michihiro and Zhang, Rui and Meelu, Kshitijh and Pareek, Ayush and Srinivasan, Krishnan and Radev, Dragomir},
   SORTNAME = {Yasunaga, Michihiro and Zhang, Rui and Meelu, Kshitijh and Pareek, Ayush and Srinivasan, Krishnan and Radev, Dragomir},
   TITLE = {Graph-based Neural Multi-Document Summarization}}
@INPROCEEDINGS{CoNLL-089,
   AUTHOR = {Khashabi, Daniel and Khot, Tushar and Sabharwal, Ashish and Roth, Dan},
   SORTNAME = {Khashabi, Daniel and Khot, Tushar and Sabharwal, Ashish and Roth, Dan},
   TITLE = {Learning What is Essential in Questions}}
@INPROCEEDINGS{CoNLL-009,
   AUTHOR = {Weissenborn, Dirk and Wiese, Georg and Seiffe, Laura},
   SORTNAME = {Weissenborn, Dirk and Wiese, Georg and Seiffe, Laura},
   TITLE = {Making Neural QA as Simple as Possible but not Simpler}}
