@INPROCEEDINGS{LaTeCH-CLfL-001,
   AUTHOR = {Kelleher, Conor and Keane, Mark},
   SORTNAME = {Kelleher, Conor and Keane, Mark},
   TITLE = {Plotting Markson's ``Mistress''}}
@INPROCEEDINGS{LaTeCH-CLfL-010,
   AUTHOR = {Krishna, Amrith and Satuluri, Pavan Kumar and Goyal, Pawan},
   SORTNAME = {Krishna, Amrith and Satuluri, Pavan Kumar and Goyal, Pawan},
   TITLE = {A Dataset for Sanskrit Word Segmentation}}
@INPROCEEDINGS{LaTeCH-CLfL-011,
   AUTHOR = {Pagé-Perron, Émilie and Sukhareva, Maria and Khait, Ilya and Chiarcos, Christian},
   SORTNAME = {Page-Perron, Emilie and Sukhareva, Maria and Khait, Ilya and Chiarcos, Christian},
   TITLE = {Machine Translation and Automated Analysis of the Sumerian Language}}
@INPROCEEDINGS{LaTeCH-CLfL-013,
   AUTHOR = {Blessing, Andre and Echelmeyer, Nora and John, Markus and Reiter, Nils},
   SORTNAME = {Blessing, Andre and Echelmeyer, Nora and John, Markus and Reiter, Nils},
   TITLE = {An End-to-end Environment for Research Question-Driven Entity Extraction and Network Analysis}}
@INPROCEEDINGS{LaTeCH-CLfL-015,
   AUTHOR = {Kim, Evgeny and Padó, Sebastian and Klinger, Roman},
   SORTNAME = {Kim, Evgeny and Pado, Sebastian and Klinger, Roman},
   TITLE = {Investigating the Relationship between Literary Genres and Emotional Plot Development}}
@INPROCEEDINGS{LaTeCH-CLfL-017,
   AUTHOR = {Degaetano-Ortlieb, Stefania and Teich, Elke},
   SORTNAME = {Degaetano-Ortlieb, Stefania and Teich, Elke},
   TITLE = {Modeling intra-textual variation with entropy and surprisal: topical vs. stylistic patterns}}
@INPROCEEDINGS{LaTeCH-CLfL-019,
   AUTHOR = {Dinu, Liviu P. and Uban, Ana Sabina},
   SORTNAME = {Dinu, Liviu P. and Uban, Ana Sabina},
   TITLE = {Finding a Character's Voice: Stylome Classification on Literary Characters}}
@INPROCEEDINGS{LaTeCH-CLfL-022,
   AUTHOR = {Ruiz, Pablo and Martínez Cantón, Clara and Poibeau, Thierry and González-Blanco, Elena},
   SORTNAME = {Ruiz, Pablo and Martinez Canton, Clara and Poibeau, Thierry and Gonzalez-Blanco, Elena},
   TITLE = {Enjambment Detection in a Large Diachronic Corpus of Spanish Sonnets}}
@INPROCEEDINGS{LaTeCH-CLfL-025,
   AUTHOR = {di Buono, Maria Pia},
   SORTNAME = {di Buono, Maria Pia},
   TITLE = {An Ontology-Based Method for Extracting and Classifying Domain-Specific Compositional Nominal Compounds}}
@INPROCEEDINGS{LaTeCH-CLfL-026,
   AUTHOR = {Walther, Géraldine and Sagot, Benoît},
   SORTNAME = {Walther, Geraldine and Sagot, Benoit},
   TITLE = {Speeding up corpus development for linguistic research: language documentation and acquisition in Romansh Tuatschin}}
@INPROCEEDINGS{LaTeCH-CLfL-027,
   AUTHOR = {Ogrodniczuk, Maciej and Kopeć, Mateusz},
   SORTNAME = {Ogrodniczuk, Maciej and Kopec, Mateusz},
   TITLE = {Lexical Correction of Polish Twitter Political Data}}
@INPROCEEDINGS{LaTeCH-CLfL-003,
   AUTHOR = {Kesarwani, Vaibhav and Inkpen, Diana and Szpakowicz, Stan and Tanasescu, Chris},
   SORTNAME = {Kesarwani, Vaibhav and Inkpen, Diana and Szpakowicz, Stan and Tanasescu, Chris},
   TITLE = {Metaphor Detection in a Poetry Corpus}}
@INPROCEEDINGS{LaTeCH-CLfL-004,
   AUTHOR = {Seemann, Nina and Merten, Marie-Luis and Geierhos, Michaela and Tophinke, Doris and Hüllermeier, Eyke},
   SORTNAME = {Seemann, Nina and Merten, Marie-Luis and Geierhos, Michaela and Tophinke, Doris and Hullermeier, Eyke},
   TITLE = {Annotation Challenges for Reconstructing the Structural Elaboration of Middle Low German}}
@INPROCEEDINGS{LaTeCH-CLfL-007,
   AUTHOR = {Sukhareva, Maria and Fuscagni, Francesco and Daxenberger, Johannes and Görke, Susanne and Prechel, Doris and Gurevych, Iryna},
   SORTNAME = {Sukhareva, Maria and Fuscagni, Francesco and Daxenberger, Johannes and Gorke, Susanne and Prechel, Doris and Gurevych, Iryna},
   TITLE = {Distantly Supervised POS Tagging of Low-Resource Languages under Extreme Data Sparsity: The Case of Hittite}}
@INPROCEEDINGS{LaTeCH-CLfL-008,
   AUTHOR = {Hench, Christopher},
   SORTNAME = {Hench, Christopher},
   TITLE = {Phonological Soundscapes in Medieval Poetry}}
