@INPROCEEDINGS{CLPsych-101,
   AUTHOR = {Mikal, Jude and Hurst, Samantha and Conway, Mike},
   SORTNAME = {Mikal, Jude and Hurst, Samantha and Conway, Mike},
   TITLE = {Investigating Patient Attitudes Towards the use of Social Media Data to Augment Depression Diagnosis and Treatment: a Qualitative Study}}
@INPROCEEDINGS{CLPsych-104,
   AUTHOR = {Shen, Judy Hanwen and Rudzicz, Frank},
   SORTNAME = {Shen, Judy Hanwen and Rudzicz, Frank},
   TITLE = {Detecting Anxiety through Reddit}}
@INPROCEEDINGS{CLPsych-106,
   AUTHOR = {Morales, Michelle and Scherer, Stefan and Levitan, Rivka},
   SORTNAME = {Morales, Michelle and Scherer, Stefan and Levitan, Rivka},
   TITLE = {A Cross-modal Review of Indicators for Depression Detection Systems}}
@INPROCEEDINGS{CLPsych-107,
   AUTHOR = {Roemmele, Melissa and Mardo, Paola and Gordon, Andrew},
   SORTNAME = {Roemmele, Melissa and Mardo, Paola and Gordon, Andrew},
   TITLE = {Natural-language Interactive Narratives in Imaginal Exposure Therapy for Obsessive-Compulsive Disorder}}
@INPROCEEDINGS{CLPsych-110,
   AUTHOR = {Jamil, Zunaira and Inkpen, Diana and Buddhitha, Prasadith and White, Kenton},
   SORTNAME = {Jamil, Zunaira and Inkpen, Diana and Buddhitha, Prasadith and White, Kenton},
   TITLE = {Monitoring Tweets for Depression to Detect At-risk Users}}
@INPROCEEDINGS{CLPsych-111,
   AUTHOR = {Guo, Jia-Wen and Mowery, Danielle L and Lai, Djin and Sward, Katherine and Conway, Mike},
   SORTNAME = {Guo, Jia-Wen and Mowery, Danielle L and Lai, Djin and Sward, Katherine and Conway, Mike},
   TITLE = {A Corpus Analysis of Social Connections and Social Isolation in Adolescents Suffering from Depressive Disorders}}
@INPROCEEDINGS{CLPsych-115,
   AUTHOR = {Loveys, Kate and Crutchley, Patrick and Wyatt, Emily and Coppersmith, Glen},
   SORTNAME = {Loveys, Kate and Crutchley, Patrick and Wyatt, Emily and Coppersmith, Glen},
   TITLE = {Small but Mighty: Affective Micropatterns for Quantifying Mental Health from Social Media Language}}
@INPROCEEDINGS{CLPsych-119,
   AUTHOR = {Niederhoffer, Kate and Schler, Jonathan and Crutchley, Patrick and Loveys, Kate and Coppersmith, Glen},
   SORTNAME = {Niederhoffer, Kate and Schler, Jonathan and Crutchley, Patrick and Loveys, Kate and Coppersmith, Glen},
   TITLE = {In your wildest dreams: the language and psychological features of dreams}}
@INPROCEEDINGS{CLPsych-121,
   AUTHOR = {Kshirsagar, Rohan and Morris, Robert and Bowman, Samuel},
   SORTNAME = {Kshirsagar, Rohan and Morris, Robert and Bowman, Samuel},
   TITLE = {Detecting and Explaining Crisis}}
@INPROCEEDINGS{CLPsych-125,
   AUTHOR = {Iserman, Micah and Ireland, Molly E.},
   SORTNAME = {Iserman, Micah and Ireland, Molly E.},
   TITLE = {A Dictionary-Based Comparison of Autobiographies by People and Murderous Monsters}}
@INPROCEEDINGS{CLPsych-9001,
   TITLE = {Examining Sentiment and Depression in Survivors of Intimate Partner Violence},
   AUTHOR = {Costello, Joseph and Kothari, Catherine and  Vos, Duncan and Brandt, Richard and Moe, Angie},
   SORTNAME = {Costello, Joseph and Kothari, Catherine and  Vos, Duncan and Brandt, Richard and Moe, Angie}}
@INPROCEEDINGS{CLPsych-9002,
   TITLE = {Ethical Challenges in Algorithmic Inference of Mental Illness with Large-Scale Social Data},
   AUTHOR = {Chancellor, Stevie and Silenzio, Vincent and Caine, Eric and De Choudhury, Munmun},
   SORTNAME = {Chancellor, Stevie and Silenzio, Vincent and Caine, Eric and De Choudhury, Munmun}}
@INPROCEEDINGS{CLPsych-9003,
   TITLE = {Validation of Twitter Self-Stated Models of Mental Health against Patient Medical Records},
   AUTHOR = {Coppersmith, Glen and Crutchley, Patrick and Merchant, Raina M. and Schwartz, H. Andrew},
   SORTNAME = {Coppersmith, Glen and Crutchley, Patrick and Merchant, Raina M. and Schwartz, H. Andrew}}
@INPROCEEDINGS{CLPsych-9004,
   TITLE = {Language Style Matching in Subclinically Depressed and Anxious Participants' Responses to Social Media-Style Posts},
   AUTHOR = {Nalabandian, Taleen and Ireland, Molly E.},
   SORTNAME = {Nalabandian, Taleen and Ireland, Molly E.}}
