@INPROCEEDINGS{demos-001,
   AUTHOR = {Hahn-Powell, Gus and Valenzuela-Escárcega, Marco A. and Surdeanu, Mihai},
   SORTNAME = {Hahn-Powell, Gus and Valenzuela-Escarcega, Marco A. and Surdeanu, Mihai},
   TITLE = {Swanson linking revisited: Accelerating literature-based discovery across domains using a conceptual influence graph}}
@INPROCEEDINGS{demos-013,
   AUTHOR = {Kessler, Jason},
   SORTNAME = {Kessler, Jason},
   TITLE = {Scattertext: a Browser-Based Tool for Visualizing how Corpora Differ}}
@INPROCEEDINGS{demos-015,
   AUTHOR = {Zhang, Wei-Nan and Liu, Ting and Qin, Bing and Zhang, Yu and Che, Wanxiang and Zhao, Yanyan and Ding, Xiao},
   SORTNAME = {Zhang, Wei-Nan and Liu, Ting and Qin, Bing and Zhang, Yu and Che, Wanxiang and Zhao, Yanyan and Ding, Xiao},
   TITLE = {Benben: A Chinese Intelligent Conversational Robot}}
@INPROCEEDINGS{demos-016,
   AUTHOR = {Siddique, Farhad Bin and Kampman, Onno and Yang, Yang and Dey, Anik and Fung, Pascale},
   SORTNAME = {Siddique, Farhad Bin and Kampman, Onno and Yang, Yang and Dey, Anik and Fung, Pascale},
   TITLE = {Zara Returns: Improved Personality Induction and Adaptation by an Empathetic Virtual Agent}}
@INPROCEEDINGS{demos-019,
   AUTHOR = {Ghazvininejad, Marjan and Shi, Xing and Priyadarshi, Jay and Knight, Kevin},
   SORTNAME = {Ghazvininejad, Marjan and Shi, Xing and Priyadarshi, Jay and Knight, Kevin},
   TITLE = {Hafez: an Interactive Poetry Generation System}}
@INPROCEEDINGS{demos-020,
   AUTHOR = {Cui, Lei and Huang, Shaohan and Wei, Furu and Tan, Chuanqi and Duan, Chaoqun and Zhou, Ming},
   SORTNAME = {Cui, Lei and Huang, Shaohan and Wei, Furu and Tan, Chuanqi and Duan, Chaoqun and Zhou, Ming},
   TITLE = {SuperAgent: A Customer Service Chatbot for E-commerce Websites}}
@INPROCEEDINGS{demos-021,
   AUTHOR = {Rücklé, Andreas and Gurevych, Iryna},
   SORTNAME = {Ruckle, Andreas and Gurevych, Iryna},
   TITLE = {End-to-End Non-Factoid Question Answering with an Interactive Visualization of Neural Attention Weights}}
@INPROCEEDINGS{demos-024,
   AUTHOR = {Nguyen, Tuan Duc and Mai, Khai and Pham, Thai-Hoang and Nguyen, Minh Trung and Nguyen, Truc-Vien T. and Eguchi, Takashi and Sasano, Ryohei and Sekine, Satoshi},
   SORTNAME = {Nguyen, Tuan Duc and Mai, Khai and Pham, Thai-Hoang and Nguyen, Minh Trung and Nguyen, Truc-Vien T. and Eguchi, Takashi and Sasano, Ryohei and Sekine, Satoshi},
   TITLE = {Extended Named Entity Recognition API and Its Applications in Language Education}}
@INPROCEEDINGS{demos-027,
   AUTHOR = {El-Assady, Mennatallah and Hautli-Janisz, Annette and Gold, Valentin and Butt, Miriam and Holzinger, Katharina and Keim, Daniel},
   SORTNAME = {El-Assady, Mennatallah and Hautli-Janisz, Annette and Gold, Valentin and Butt, Miriam and Holzinger, Katharina and Keim, Daniel},
   TITLE = {Interactive Visual Analysis of Transcribed Multi-Party Discourse}}
@INPROCEEDINGS{demos-029,
   AUTHOR = {Ultes, Stefan and Rojas Barahona, Lina M. and Su, Pei-Hao and Vandyke, David and Kim, Dongho and Casanueva, Iñigo and Budzianowski, Paweł and Mrkšić, Nikola and Wen, Tsung-Hsien and Gasic, Milica and Young, Steve},
   SORTNAME = {Ultes, Stefan and Rojas Barahona, Lina M. and Su, Pei-Hao and Vandyke, David and Kim, Dongho and Casanueva, Inigo and Budzianowski, Paweł and Mrksic, Nikola and Wen, Tsung-Hsien and Gasic, Milica and Young, Steve},
   TITLE = {PyDial: A Multi-domain Statistical Dialogue System Toolkit}}
@INPROCEEDINGS{demos-030,
   AUTHOR = {Abend, Omri and Yerushalmi, Shai and Rappoport, Ari},
   SORTNAME = {Abend, Omri and Yerushalmi, Shai and Rappoport, Ari},
   TITLE = {UCCAApp: Web-application for Syntactic and Semantic Phrase-based Annotation}}
@INPROCEEDINGS{demos-031,
   AUTHOR = {Faessler, Erik and Hahn, Udo},
   SORTNAME = {Faessler, Erik and Hahn, Udo},
   TITLE = {Semedico: A Comprehensive Semantic Search Engine for the Life Sciences}}
@INPROCEEDINGS{demos-034,
   AUTHOR = {Neves, Mariana and Folkerts, Hendrik and Jankrift, Marcel and Niedermeier, Julian and Stachewicz, Toni and Tietböhl, Sören and Kraus, Milena and Uflacker, Matthias},
   SORTNAME = {Neves, Mariana and Folkerts, Hendrik and Jankrift, Marcel and Niedermeier, Julian and Stachewicz, Toni and Tietbohl, Soren and Kraus, Milena and Uflacker, Matthias},
   TITLE = {Olelo: A Question Answering Application for Biomedicine}}
@INPROCEEDINGS{demos-038,
   AUTHOR = {Hellrich, Johannes and Hahn, Udo},
   SORTNAME = {Hellrich, Johannes and Hahn, Udo},
   TITLE = {Exploring Diachronic Lexical Semantics with JeSemE}}
@INPROCEEDINGS{demos-047,
   AUTHOR = {Ren, Xiang and Shen, Jiaming and Qu, Meng and Wang, Xuan and Wu, Zeqiu and Zhu, Qi and Jiang, Meng and Tao, Fangbo and Sinha, Saurabh and Liem, David and Ping, Peipei and Weinshilboum, Richard and Han, Jiawei},
   SORTNAME = {Ren, Xiang and Shen, Jiaming and Qu, Meng and Wang, Xuan and Wu, Zeqiu and Zhu, Qi and Jiang, Meng and Tao, Fangbo and Sinha, Saurabh and Liem, David and Ping, Peipei and Weinshilboum, Richard and Han, Jiawei},
   TITLE = {Life-iNet: A Structured Network-Based Knowledge Exploration and Analytics System for Life Sciences}}
@INPROCEEDINGS{demos-051,
   AUTHOR = {Ramm, Anita and Loáiciga, Sharid and Friedrich, Annemarie and Fraser, Alexander},
   SORTNAME = {Ramm, Anita and Loaiciga, Sharid and Friedrich, Annemarie and Fraser, Alexander},
   TITLE = {Annotating tense, mood and voice for English, French and German}}
@INPROCEEDINGS{demos-006,
   AUTHOR = {Marshall, Iain and Kuiper, Joël and Banner, Edward and Wallace, Byron C.},
   SORTNAME = {Marshall, Iain and Kuiper, Joel and Banner, Edward and Wallace, Byron C.},
   TITLE = {Automating Biomedical Evidence Synthesis: RobotReviewer}}
@INPROCEEDINGS{demos-061,
   AUTHOR = {Arendt, Dustin and Volkova, Svitlana},
   SORTNAME = {Arendt, Dustin and Volkova, Svitlana},
   TITLE = {ESTEEM: A Novel Framework for Qualitatively Evaluating and Visualizing Spatiotemporal Embeddings in Social Media}}
@INPROCEEDINGS{demos-007,
   AUTHOR = {Klein, Guillaume and Kim, Yoon and Deng, Yuntian and Senellart, Jean and Rush, Alexander},
   SORTNAME = {Klein, Guillaume and Kim, Yoon and Deng, Yuntian and Senellart, Jean and Rush, Alexander},
   TITLE = {OpenNMT: Open-Source Toolkit for Neural Machine Translation}}
@INPROCEEDINGS{demos-081,
   AUTHOR = {Tandon, Niket and de Melo, Gerard and Weikum, Gerhard},
   SORTNAME = {Tandon, Niket and de Melo, Gerard and Weikum, Gerhard},
   TITLE = {WebChild 2.0 : Fine-Grained Commonsense Knowledge Distillation}}
@INPROCEEDINGS{demos-085,
   AUTHOR = {Tymoshenko, Kateryna and Moschitti, Alessandro and Nicosia, Massimo and Severyn, Aliaksei},
   SORTNAME = {Tymoshenko, Kateryna and Moschitti, Alessandro and Nicosia, Massimo and Severyn, Aliaksei},
   TITLE = {RelTextRank: An Open Source Framework for Building Relational Syntactic-Semantic Text Pair Representations}}
