@INPROCEEDINGS{ALW1-010,
   AUTHOR = {Mubarak, Hamdy and Darwish, Kareem and Magdy, Walid},
   SORTNAME = {Mubarak, Hamdy and Darwish, Kareem and Magdy, Walid},
   TITLE = {Abusive Language Detection on Arabic Social Media}}
@INPROCEEDINGS{ALW1-011,
   AUTHOR = {Clarke, Isobelle and Grieve, Dr. Jack},
   SORTNAME = {Clarke, Isobelle and Grieve, Dr. Jack},
   TITLE = {Dimensions of Abusive Language on Twitter}}
@INPROCEEDINGS{ALW1-014,
   AUTHOR = {Kolhatkar, Varada and Taboada, Maite},
   SORTNAME = {Kolhatkar, Varada and Taboada, Maite},
   TITLE = {Constructive Language in News Comments}}
@INPROCEEDINGS{ALW1-016,
   AUTHOR = {Wright, Lucas and Ruths, Derek and Dillon, Kelly P and Saleem, Haji Mohammad and Benesch, Susan},
   SORTNAME = {Wright, Lucas and Ruths, Derek and Dillon, Kelly P and Saleem, Haji Mohammad and Benesch, Susan},
   TITLE = {Vectors for Counterspeech on Twitter}}
@INPROCEEDINGS{ALW1-017,
   AUTHOR = {Safi Samghabadi, Niloofar and Maharjan, Suraj and Sprague, Alan and Diaz-Sprague, Raquel and Solorio, Thamar},
   SORTNAME = {Safi Samghabadi, Niloofar and Maharjan, Suraj and Sprague, Alan and Diaz-Sprague, Raquel and Solorio, Thamar},
   TITLE = {Detecting Nastiness in Social Media}}
@INPROCEEDINGS{ALW1-018,
   AUTHOR = {Su, Hui-Po and Huang, Zhen-Jie and Chang, Hao-Tsung and Lin, Chuan-Jie},
   SORTNAME = {Su, Hui-Po and Huang, Zhen-Jie and Chang, Hao-Tsung and Lin, Chuan-Jie},
   TITLE = {Rephrasing Profanity in Chinese Text}}
@INPROCEEDINGS{ALW1-019,
   AUTHOR = {Kennedy, George and McCollough, Andrew and Dixon, Edward and Bastidas, Alexei and Ryan, John and Loo, Chris and Sahay, Saurav},
   SORTNAME = {Kennedy, George and McCollough, Andrew and Dixon, Edward and Bastidas, Alexei and Ryan, John and Loo, Chris and Sahay, Saurav},
   TITLE = {Technology Solutions to Combat Online Harassment}}
@INPROCEEDINGS{ALW1-021,
   AUTHOR = {Waseem, Zeerak and Davidson, Thomas and Warmsley, Dana and Weber, Ingmar},
   SORTNAME = {Waseem, Zeerak and Davidson, Thomas and Warmsley, Dana and Weber, Ingmar},
   TITLE = {Understanding Abuse: A Typology of Abusive Language Detection Subtasks}}
@INPROCEEDINGS{ALW1-023,
   AUTHOR = {Gambäck, Björn and Sikdar, Utpal Kumar},
   SORTNAME = {Gamback, Bjorn and Sikdar, Utpal Kumar},
   TITLE = {Using Convolutional Neural Networks to Classify Hate-Speech}}
@INPROCEEDINGS{ALW1-024,
   AUTHOR = {Palmer, Alexis and Robinson, Melissa and Phillips, Kristy K.},
   SORTNAME = {Palmer, Alexis and Robinson, Melissa and Phillips, Kristy K.},
   TITLE = {Illegal is not a Noun: Linguistic Form for Detection of Pejorative Nominalizations}}
@INPROCEEDINGS{ALW1-004,
   AUTHOR = {Serrà, Joan and Leontiadis, Ilias and Spathis, Dimitris and Stringhini, Gianluca and Blackburn, Jeremy and Vakali, Athena},
   SORTNAME = {Serra, Joan and Leontiadis, Ilias and Spathis, Dimitris and Stringhini, Gianluca and Blackburn, Jeremy and Vakali, Athena},
   TITLE = {Class-based Prediction Errors to Detect Hate Speech with Out-of-vocabulary Words}}
@INPROCEEDINGS{ALW1-005,
   AUTHOR = {Pavlopoulos, John and Malakasiotis, Prodromos and Androutsopoulos, Ion},
   SORTNAME = {Pavlopoulos, John and Malakasiotis, Prodromos and Androutsopoulos, Ion},
   TITLE = {Deep Learning for User Comment Moderation}}
@INPROCEEDINGS{ALW1-007,
   AUTHOR = {Park, Ji Ho and Fung, Pascale},
   SORTNAME = {Park, Ji Ho and Fung, Pascale},
   TITLE = {One-step and Two-step Classification for Abusive Language Detection on Twitter}}
@INPROCEEDINGS{ALW1-009,
   AUTHOR = {Fišer, Darja and Erjavec, Tomaž and Ljubešić, Nikola},
   SORTNAME = {Fiser, Darja and Erjavec, Tomaz and Ljubesic, Nikola},
   TITLE = {Legal Framework, Dataset and Annotation Schema for Socially Unacceptable Online Discourse Practices in Slovene}}
