@INPROCEEDINGS{conll-2-001,
   AUTHOR = {Bergmanis, Toms and Kann, Katharina and Schütze, Hinrich and Goldwater, Sharon},
   SORTNAME = {Bergmanis, Toms and Kann, Katharina and Schutze, Hinrich and Goldwater, Sharon},
   TITLE = {Training Data Augmentation for Low-Resource Morphological Inflection}}
@INPROCEEDINGS{conll-2-010,
   AUTHOR = {Senuma, Hajime and Aizawa, Akiko},
   SORTNAME = {Senuma, Hajime and Aizawa, Akiko},
   TITLE = {Seq2seq for Morphological Reinflection: When Deep Learning Fails}}
@INPROCEEDINGS{conll-2-011,
   AUTHOR = {Östling, Robert and Bjerva, Johannes},
   SORTNAME = {Ostling, Robert and Bjerva, Johannes},
   TITLE = {SU-RUG at the CoNLL-SIGMORPHON 2017 shared task: Morphological Inflection with Attentional Sequence-to-Sequence Models}}
@INPROCEEDINGS{conll-2-012,
   AUTHOR = {Cotterell, Ryan and Kirov, Christo and Sylak-Glassman, John and Walther, Géraldine and Vylomova, Ekaterina and Xia, Patrick and Faruqui, Manaal and Kübler, Sandra and Yarowsky, David and Eisner, Jason and Hulden, Mans},
   SORTNAME = {Cotterell, Ryan and Kirov, Christo and Sylak-Glassman, John and Walther, Geraldine and Vylomova, Ekaterina and Xia, Patrick and Faruqui, Manaal and Kubler, Sandra and Yarowsky, David and Eisner, Jason and Hulden, Mans},
   TITLE = {CoNLL-SIGMORPHON 2017 Shared Task: Universal Morphological Reinflection in 52 Languages}}
@INPROCEEDINGS{conll-2-002,
   AUTHOR = {Kann, Katharina and Schütze, Hinrich},
   SORTNAME = {Kann, Katharina and Schutze, Hinrich},
   TITLE = {The LMU System for the CoNLL-SIGMORPHON 2017 Shared Task on Universal Morphological Reinflection}}
@INPROCEEDINGS{conll-2-003,
   AUTHOR = {Makarov, Peter and Ruzsics, Tatyana and Clematide, Simon},
   SORTNAME = {Makarov, Peter and Ruzsics, Tatyana and Clematide, Simon},
   TITLE = {Align and Copy: UZH at SIGMORPHON 2017 Shared Task for Morphological Reinflection}}
@INPROCEEDINGS{conll-2-004,
   AUTHOR = {Zhou, Chunting and Neubig, Graham},
   SORTNAME = {Zhou, Chunting and Neubig, Graham},
   TITLE = {Morphological Inflection Generation with Multi-space Variational Encoder-Decoders}}
@INPROCEEDINGS{conll-2-005,
   AUTHOR = {Chakrabarty, Abhisek and Garain, Utpal},
   SORTNAME = {Chakrabarty, Abhisek and Garain, Utpal},
   TITLE = {ISI at the SIGMORPHON 2017 Shared Task on Morphological Reinflection}}
@INPROCEEDINGS{conll-2-006,
   AUTHOR = {Sudhakar, Akhilesh and Kumar Singh, Anil},
   SORTNAME = {Sudhakar, Akhilesh and Kumar Singh, Anil},
   TITLE = {Experiments on Morphological Reinflection: CoNLL-2017 Shared Task}}
@INPROCEEDINGS{conll-2-007,
   AUTHOR = {Nicolai, Garrett and Kondrak, Grzegorz and Hauer, Bradley and Najafi, Saeed and Motallebi, Mohammad},
   SORTNAME = {Nicolai, Garrett and Kondrak, Grzegorz and Hauer, Bradley and Najafi, Saeed and Motallebi, Mohammad},
   TITLE = {If you can't beat them, join them: the University of Alberta system description}}
@INPROCEEDINGS{conll-2-008,
   AUTHOR = {Zhu, Qile and Li, Yanjun and Li, Xiaolin},
   SORTNAME = {Zhu, Qile and Li, Yanjun and Li, Xiaolin},
   TITLE = {Character Sequence-to-Sequence Model for Universal Morphological Reinflection}}
@INPROCEEDINGS{conll-2-009,
   AUTHOR = {Silfverberg, Miikka and Wiemerslage, Adam and Mao, Lingshuang and Liu, Ling},
   SORTNAME = {Silfverberg, Miikka and Wiemerslage, Adam and Mao, Lingshuang and Liu, Ling},
   TITLE = {Data Augmentation for Morphological Reinflection}}
