@INPROCEEDINGS{robonlp-010,
   AUTHOR = {Pišl, Bedřich and Mareček, David},
   SORTNAME = {Pisl, Bedrich and Marecek, David},
   TITLE = {Communication with Robots using Multilayer Recurrent Networks}}
@INPROCEEDINGS{robonlp-014,
   AUTHOR = {Hristov, Yordan and Penkov, Svetlin and Lascarides, Alex and Ramamoorthy, Subramanian},
   SORTNAME = {Hristov, Yordan and Penkov, Svetlin and Lascarides, Alex and Ramamoorthy, Subramanian},
   TITLE = {Grounding Symbols in Multi-Modal Instructions}}
@INPROCEEDINGS{robonlp-017,
   AUTHOR = {Marge, Matthew and Bonial, Claire and Foots, Ashley and Hayes, Cory and Henry, Cassidy and Pollard, Kimberly and Artstein, Ron and Voss, Clare and Traum, David},
   SORTNAME = {Marge, Matthew and Bonial, Claire and Foots, Ashley and Hayes, Cory and Henry, Cassidy and Pollard, Kimberly and Artstein, Ron and Voss, Clare and Traum, David},
   TITLE = {Exploring Variation of Natural Human Commands to a Robot in a Collaborative Navigation Task}}
@INPROCEEDINGS{robonlp-019,
   AUTHOR = {Karamcheti, Siddharth and Williams, Edward Clem and Arumugam, Dilip and Rhee, Mina and Gopalan, Nakul and Wong, Lawson L.S. and Tellex, Stefanie},
   SORTNAME = {Karamcheti, Siddharth and Williams, Edward Clem and Arumugam, Dilip and Rhee, Mina and Gopalan, Nakul and Wong, Lawson L.S. and Tellex, Stefanie},
   TITLE = {A Tale of Two DRAGGNs: A Hybrid Approach for Interpreting Action-Oriented and Goal-Oriented Instructions}}
@INPROCEEDINGS{robonlp-002,
   AUTHOR = {Lindes, Peter and Mininger, Aaron and Kirk, James R. and Laird, John E.},
   SORTNAME = {Lindes, Peter and Mininger, Aaron and Kirk, James R. and Laird, John E.},
   TITLE = {Grounding Language for Interactive Task Learning}}
@INPROCEEDINGS{robonlp-020,
   AUTHOR = {Lucy, Li and Gauthier, Jon},
   SORTNAME = {Lucy, Li and Gauthier, Jon},
   TITLE = {Are Distributional Representations Ready for the Real World? Evaluating Word Vectors for Grounded Perceptual Meaning}}
@INPROCEEDINGS{robonlp-021,
   AUTHOR = {Novikova, Jekaterina and Dondrup, Christian and Papaioannou, Ioannis and Lemon, Oliver},
   SORTNAME = {Novikova, Jekaterina and Dondrup, Christian and Papaioannou, Ioannis and Lemon, Oliver},
   TITLE = {Sympathy Begins with a Smile, Intelligence Begins with a Word: Use of Multimodal Features in Spoken Human-Robot Interaction}}
@INPROCEEDINGS{robonlp-023,
   AUTHOR = {Narayan-Chen, Anjali and Graber, Colin and Das, Mayukh and Islam, Md Rakibul and Dan, Soham and Natarajan, Sriraam and Doppa, Janardhan Rao and Hockenmaier, Julia and Palmer, Martha and Roth, Dan},
   SORTNAME = {Narayan-Chen, Anjali and Graber, Colin and Das, Mayukh and Islam, Md Rakibul and Dan, Soham and Natarajan, Sriraam and Doppa, Janardhan Rao and Hockenmaier, Julia and Palmer, Martha and Roth, Dan},
   TITLE = {Towards Problem Solving Agents that Communicate and Learn}}
@INPROCEEDINGS{robonlp-003,
   AUTHOR = {Yu, Yanchao and Eshghi, Arash and Lemon, Oliver},
   SORTNAME = {Yu, Yanchao and Eshghi, Arash and Lemon, Oliver},
   TITLE = {Learning how to Learn: An Adaptive Dialogue Agent for Incrementally Learning Visually Grounded Word Meanings}}
@INPROCEEDINGS{robonlp-004,
   AUTHOR = {Thomason, Jesse and Sinapov, Jivko and Mooney, Raymond},
   SORTNAME = {Thomason, Jesse and Sinapov, Jivko and Mooney, Raymond},
   TITLE = {Guiding Interaction Behaviors for Multi-modal Grounded Language Learning}}
@INPROCEEDINGS{robonlp-005,
   AUTHOR = {Vanzo, Andrea and Croce, Danilo and Basili, Roberto and Nardi, Daniele},
   SORTNAME = {Vanzo, Andrea and Croce, Danilo and Basili, Roberto and Nardi, Daniele},
   TITLE = {Structured Learning for Context-aware Spoken Language Understanding of Robotic Commands}}
@INPROCEEDINGS{robonlp-006,
   AUTHOR = {Alomari, Muhannad and Duckworth, Paul and Hawasly, Majd and Hogg, David C. and Cohn, Anthony G.},
   SORTNAME = {Alomari, Muhannad and Duckworth, Paul and Hawasly, Majd and Hogg, David C. and Cohn, Anthony G.},
   TITLE = {Natural Language Grounding and Grammar Induction for Robotic Manipulation Commands}}
