@INPROCEEDINGS{tacl-821,
  AUTHOR = {Hauer, Bradley and Kondrak, Grzegorz},
  TITLE = {[TACL] Decoding Anagrammed Texts Written in an Unknown Language and Script},
  SORTNAME = {[TACL] Decoding Anagrammed Texts Written in an Unknown Language and Script}}

@INPROCEEDINGS{tacl-879,
  AUTHOR = {Anderson, Andrew J. and Kiela, Douwe and Clark, Stephen and Poesio, Massimo},
  TITLE = {[TACL] Visually Grounded and Textual Semantic Models Differentially Decode Brain Activity Associated with Concrete and Abstract Nouns},
  SORTNAME = {[TACL] Visually Grounded and Textual Semantic Models Differentially Decode Brain Activity Associated with Concrete and Abstract Nouns}}

@INPROCEEDINGS{tacl-887,
  AUTHOR = {Smith, Alison and Lee, Tak Yeon and Poursabzi-Sangdeh, Forough and Boyd-Graber, Jordan and Elmqvist, Niklas and Findlater, Leah},
  TITLE = {[TACL] Evaluating Visual Representations for Topic Understanding and Their Effects on Manually Generated Labels},
  SORTNAME = {[TACL] Evaluating Visual Representations for Topic Understanding and Their Effects on Manually Generated Labels}}

@INPROCEEDINGS{tacl-923,
  AUTHOR = {Cotterell, Ryan and Schütze, Hinrich},
  TITLE = {[TACL] Joint Semantic Synthesis and Morphological Analysis of the Derived Word},
  SORTNAME = {[TACL] Joint Semantic Synthesis and Morphological Analysis of the Derived Word}}

@INPROCEEDINGS{tacl-924,
  AUTHOR = {Vieira, Time and Eisner, Jason},
  TITLE = {[TACL] Learning to Prune: Exploring the Frontier of Fast and Accurate Parsing},
  SORTNAME = {[TACL] Learning to Prune: Exploring the Frontier of Fast and Accurate Parsing}}

@INPROCEEDINGS{tacl-925,
  AUTHOR = {Teng, Zhiyang and Zhang, Yue},
  TITLE = {[TACL] Head-Lexicalized Bidirectional Tree LSTMs},
  SORTNAME = {[TACL] Head-Lexicalized Bidirectional Tree LSTMs}}

@INPROCEEDINGS{tacl-948,
  AUTHOR = {Tu, Zhaopeng and Liu, Yang and Lu, Zhengdong and Liu, Xiaohua and Li, Hanh},
  TITLE = {[TACL] Context Gates for Neural Machine Translation},
  SORTNAME = {[TACL] Context Gates for Neural Machine Translation}}

@INPROCEEDINGS{tacl-968,
  AUTHOR = {Modi, Ashutosh and Titov, Ivan and Demberg, Vera and Sayeed, Asad and Pinkal, Manfred},
  TITLE = {[TACL] Modelling Semantic Expectation: Using Script Knowledge for Referent Prediction},
  SORTNAME = {[TACL] Modelling Semantic Expectation: Using Script Knowledge for Referent Prediction}}

@INPROCEEDINGS{tacl-999,
  AUTHOR = {Bojanowski, Piotr and Grave, Edouard and Joulin, Armand and Mikolov, Tomas},
  TITLE = {[TACL] Enriching Word Vectors with Subword Information},
  SORTNAME = {[TACL] Enriching Word Vectors with Subword Information}}

@INPROCEEDINGS{tacl-1009,
  AUTHOR = {Wang, Lu and Beauchamp, Nick and Shugars, Sarah and Qin, Kechen},
  TITLE = {[TACL] Winning on the Merits: The Joint Effects of Content and Style on Debate Outcomes},
  SORTNAME = {[TACL] Winning on the Merits: The Joint Effects of Content and Style on Debate Outcomes}}

@INPROCEEDINGS{tacl-1024,
  AUTHOR = {Yang, Yi and Eisenstein, Jacob},
  TITLE = {[TACL] Overcoming Language Variation in Sentiment Analysis with Social Attention},
  SORTNAME = {[TACL] Overcoming Language Variation in Sentiment Analysis with Social Attention}}

@INPROCEEDINGS{tacl-1028,
  AUTHOR = {Peng, Nanyun and Poon, Hoifung and Quirk, Chris and Toutanova, Kristina and Yih, Wen-tau},
  TITLE = {[TACL] Cross-Sentence N-ary Relation Extraction with Graph LSTMs},
  SORTNAME = {[TACL] Cross-Sentence N-ary Relation Extraction with Graph LSTMs}}

@INPROCEEDINGS{tacl-1039,
  AUTHOR = {Luo, Jiaming and Narasimhan, Karthik},
  TITLE = {[TACL] Unsupervised Learning of Morphological Forests},
  SORTNAME = {[TACL] Unsupervised Learning of Morphological Forests}}

@INPROCEEDINGS{tacl-1051,
  AUTHOR = {Lee, Jason and Cho, Kyunghyun and Hofmann, Thomas},
  TITLE = {[TACL] Fully Character-Level Neural Machine Translation without Explicit Segmentation},
  SORTNAME = {[TACL] Fully Character-Level Neural Machine Translation without Explicit Segmentation}}

@INPROCEEDINGS{tacl-1060,
  AUTHOR = {Wang, Dingquan and Eisner, Jason},
  TITLE = {[TACL] Fine-Grained Prediction of Syntactic Typology: Discovering Latent Structure with Supervised Learning},
  SORTNAME = {[TACL] Fine-Grained Prediction of Syntactic Typology: Discovering Latent Structure with Supervised Learning}}

@INPROCEEDINGS{tacl-1063,
  AUTHOR = {Berend, Gábor},
  TITLE = {[TACL] Sparse Coding of Neural Word Embeddings for Multilingual Sequence Labeling},
  SORTNAME = {[TACL] Sparse Coding of Neural Word Embeddings for Multilingual Sequence Labeling}}

@INPROCEEDINGS{tacl-1064,
  AUTHOR = {Dalvi, Bhavana and Tandon, Niket and Clark, Peter},
  TITLE = {[TACL] Domain-Targeted, High Precision Knowledge Extraction},
  SORTNAME = {[TACL] Domain-Targeted, High Precision Knowledge Extraction}}

@INPROCEEDINGS{tacl-1082,
  AUTHOR = {Zhang, Sheng and Rudinger, Rachel and Duh, Kevin and Van Durme, Benjamin},
  TITLE = {[TACL] Ordinal Common-sense Inference},
  SORTNAME = {[TACL] Ordinal Common-sense Inference}}

@INPROCEEDINGS{tacl-1113,
  AUTHOR = {Martins, André F. T. and Junczys-Dowmunt, Marcin and Kepler, Fabio N. and Astudillo, Ramón and Hokamp, Chris and Grundkiewicz, Roman},
  TITLE = {[TACL] Pushing the Limits of Translation Quality Estimation},
  SORTNAME = {[TACL] Pushing the Limits of Translation Quality Estimation}}

@INPROCEEDINGS{tacl-971,
  AUTHOR = {Futrell, Richard and Albright, Adam and Graff, Peter and O'Donnell, Timothy J.},
  TITLE = {[TACL] A Generative Model of Phonotactics},
  SORTNAME = {[TACL] A Generative Model of Phonotactics}}

@INPROCEEDINGS{tacl-1020,
  AUTHOR = {Chang, Yin-Wen and Collins, Michael},
  TITLE = {[TACL] A Polynomial-Time Dynamic Programming Algorithm for Phrase-Based Decoding with a Fixed Distortion Limit},
  SORTNAME = {[TACL] A Polynomial-Time Dynamic Programming Algorithm for Phrase-Based Decoding with a Fixed Distortion Limit}}

