@INPROCEEDINGS{papers-101,
   AUTHOR = {Xie, Pengtao and Xing, Eric},
   SORTNAME = {Xie, Pengtao and Xing, Eric},
   TITLE = {A Constituent-Centric Neural Architecture for Reading Comprehension}}
@INPROCEEDINGS{papers-104,
   AUTHOR = {Cao, Yixin and Huang, Lifu and Ji, Heng and Chen, Xu and Li, Juanzi},
   SORTNAME = {Cao, Yixin and Huang, Lifu and Ji, Heng and Chen, Xu and Li, Juanzi},
   TITLE = {Bridge Text and Knowledge by Learning Multi-Prototype Entity Mention Embedding}}
@INPROCEEDINGS{papers-105,
   AUTHOR = {Aharoni, Roee and Goldberg, Yoav},
   SORTNAME = {Aharoni, Roee and Goldberg, Yoav},
   TITLE = {Morphological Inflection Generation with Hard Monotonic Attention}}
@INPROCEEDINGS{papers-107,
   AUTHOR = {Ni, Jian and Dinu, Georgiana and Florian, Radu},
   SORTNAME = {Ni, Jian and Dinu, Georgiana and Florian, Radu},
   TITLE = {Weakly Supervised Cross-Lingual Named Entity Recognition via Effective Annotation and Representation Projection}}
@INPROCEEDINGS{papers-117,
   AUTHOR = {Yu, Mo and Yin, Wenpeng and Hasan, Kazi Saidul and dos Santos, Cicero and Xiang, Bing and Zhou, Bowen},
   SORTNAME = {Yu, Mo and Yin, Wenpeng and Hasan, Kazi Saidul and dos Santos, Cicero and Xiang, Bing and Zhou, Bowen},
   TITLE = {Improved Neural Relation Detection for Knowledge Base Question Answering}}
@INPROCEEDINGS{papers-012,
   AUTHOR = {Zhong, Xiaoshi and Sun, Aixin and Cambria, Erik},
   SORTNAME = {Zhong, Xiaoshi and Sun, Aixin and Cambria, Erik},
   TITLE = {Time Expression Analysis and Recognition Using Syntactic Token Types and General Heuristic Rules}}
@INPROCEEDINGS{papers-122,
   AUTHOR = {Mrkšić, Nikola and Ó Séaghdha, Diarmuid and Wen, Tsung-Hsien and Thomson, Blaise and Young, Steve},
   SORTNAME = {Mrksic, Nikola and O Seaghdha, Diarmuid and Wen, Tsung-Hsien and Thomson, Blaise and Young, Steve},
   TITLE = {Neural Belief Tracker: Data-Driven Dialogue State Tracking}}
@INPROCEEDINGS{papers-123,
   AUTHOR = {Ramakrishna, Anil and Martínez, Victor R. and Malandrakis, Nikolaos and Singla, Karan and Narayanan, Shrikanth},
   SORTNAME = {Ramakrishna, Anil and Martinez, Victor R. and Malandrakis, Nikolaos and Singla, Karan and Narayanan, Shrikanth},
   TITLE = {Linguistic analysis of differences in portrayal of movie characters}}
@INPROCEEDINGS{papers-130,
   AUTHOR = {Santos, Leandro and Corrêa Júnior, Edilson Anselmo and Oliveira Jr, Osvaldo and Amancio, Diego and Mansur, Letícia and Aluísio, Sandra},
   SORTNAME = {Santos, Leandro and Correa Junior, Edilson Anselmo and Oliveira Jr, Osvaldo and Amancio, Diego and Mansur, Leticia and Aluisio, Sandra},
   TITLE = {Enriching Complex Networks with Word Embeddings for Detecting Mild Cognitive Impairment from Speech Transcripts}}
@INPROCEEDINGS{papers-134,
   AUTHOR = {Eger, Steffen and Daxenberger, Johannes and Gurevych, Iryna},
   SORTNAME = {Eger, Steffen and Daxenberger, Johannes and Gurevych, Iryna},
   TITLE = {Neural End-to-End Learning for Computational Argumentation Mining}}
@INPROCEEDINGS{papers-140,
   AUTHOR = {Gehring, Jonas and Auli, Michael and Grangier, David and Dauphin, Yann},
   SORTNAME = {Gehring, Jonas and Auli, Michael and Grangier, David and Dauphin, Yann},
   TITLE = {A Convolutional Encoder Model for Neural Machine Translation}}
@INPROCEEDINGS{papers-143,
   AUTHOR = {Zhang, Meng and Liu, Yang and Luan, Huanbo and Sun, Maosong},
   SORTNAME = {Zhang, Meng and Liu, Yang and Luan, Huanbo and Sun, Maosong},
   TITLE = {Adversarial Training for Unsupervised Bilingual Lexicon Induction}}
@INPROCEEDINGS{papers-144,
   AUTHOR = {Sun, Weiwei and Cao, Junjie and Wan, Xiaojun},
   SORTNAME = {Sun, Weiwei and Cao, Junjie and Wan, Xiaojun},
   TITLE = {Semantic Dependency Parsing via Book Embedding}}
@INPROCEEDINGS{papers-145,
   AUTHOR = {Athiwaratkun, Ben and Wilson, Andrew},
   SORTNAME = {Athiwaratkun, Ben and Wilson, Andrew},
   TITLE = {Multimodal Word Distributions}}
@INPROCEEDINGS{papers-147,
   AUTHOR = {Qin, Lianhui and Zhang, Zhisong and Zhao, Hai and Hu, Zhiting and Xing, Eric},
   SORTNAME = {Qin, Lianhui and Zhang, Zhisong and Zhao, Hai and Hu, Zhiting and Xing, Eric},
   TITLE = {Adversarial Connective-exploiting Networks for Implicit Discourse Relation Classification}}
@INPROCEEDINGS{papers-148,
   AUTHOR = {Sugawara, Saku and Kido, Yusuke and Yokono, Hikaru and Aizawa, Akiko},
   SORTNAME = {Sugawara, Saku and Kido, Yusuke and Yokono, Hikaru and Aizawa, Akiko},
   TITLE = {Evaluation Metrics for Machine Reading Comprehension: Prerequisite Skills and Readability}}
@INPROCEEDINGS{papers-154,
   AUTHOR = {Zhang, Jinchao and Wang, Mingxuan and Liu, Qun and Zhou, Jie},
   SORTNAME = {Zhang, Jinchao and Wang, Mingxuan and Liu, Qun and Zhou, Jie},
   TITLE = {Incorporating Word Reordering Knowledge into Attention-based Neural Machine Translation}}
@INPROCEEDINGS{papers-016,
   AUTHOR = {Liu, Shulin and Chen, Yubo and Liu, Kang and Zhao, Jun},
   SORTNAME = {Liu, Shulin and Chen, Yubo and Liu, Kang and Zhao, Jun},
   TITLE = {Exploiting Argument Information to Improve Event Detection via Supervised Attention Mechanisms}}
@INPROCEEDINGS{papers-161,
   AUTHOR = {Wang, Mingxuan and Lu, Zhengdong and Zhou, Jie and Liu, Qun},
   SORTNAME = {Wang, Mingxuan and Lu, Zhengdong and Zhou, Jie and Liu, Qun},
   TITLE = {Deep Neural Machine Translation with Linear Associative Unit}}
@INPROCEEDINGS{papers-164,
   AUTHOR = {Du, Xinya and Shao, Junru and Cardie, Claire},
   SORTNAME = {Du, Xinya and Shao, Junru and Cardie, Claire},
   TITLE = {Learning to Ask: Neural Question Generation for Reading Comprehension}}
@INPROCEEDINGS{papers-167,
   AUTHOR = {Pilehvar, Mohammad Taher and Camacho-Collados, Jose and Navigli, Roberto and Collier, Nigel},
   SORTNAME = {Pilehvar, Mohammad Taher and Camacho-Collados, Jose and Navigli, Roberto and Collier, Nigel},
   TITLE = {Towards a Seamless Integration of Word Senses into Downstream NLP Applications}}
@INPROCEEDINGS{papers-169,
   AUTHOR = {Bryant, Christopher and Felice, Mariano and Briscoe, Ted},
   SORTNAME = {Bryant, Christopher and Felice, Mariano and Briscoe, Ted},
   TITLE = {Automatic Annotation and Evaluation of Error Types for Grammatical Error Correction}}
@INPROCEEDINGS{papers-170,
   AUTHOR = {Xia, Qiaolin and Sha, Lei and Chang, Baobao and Sui, Zhifang},
   SORTNAME = {Xia, Qiaolin and Sha, Lei and Chang, Baobao and Sui, Zhifang},
   TITLE = {A Progressive Learning Approach to Chinese SRL Using Heterogeneous Data}}
@INPROCEEDINGS{papers-173,
   AUTHOR = {Ye, Jianbo and Li, Yanran and Wu, Zhaohui and Wang, James Z. and Li, Wenjie and Li, Jia},
   SORTNAME = {Ye, Jianbo and Li, Yanran and Wu, Zhaohui and Wang, James Z. and Li, Wenjie and Li, Jia},
   TITLE = {Determining Gains Acquired from Word Embedding Quantitatively Using Discrete Distribution Clustering}}
@INPROCEEDINGS{papers-018,
   AUTHOR = {Cui, Yiming and Chen, Zhipeng and wei, si and Wang, Shijin and Liu, Ting and Hu, Guoping},
   SORTNAME = {Cui, Yiming and Chen, Zhipeng and wei, si and Wang, Shijin and Liu, Ting and Hu, Guoping},
   TITLE = {Attention-over-Attention Neural Networks for Reading Comprehension}}
@INPROCEEDINGS{papers-182,
   AUTHOR = {Poria, Soujanya and Cambria, Erik and Hazarika, Devamanyu and Majumder, Navonil and Zadeh, Amir and Morency, Louis-Philippe},
   SORTNAME = {Poria, Soujanya and Cambria, Erik and Hazarika, Devamanyu and Majumder, Navonil and Zadeh, Amir and Morency, Louis-Philippe},
   TITLE = {Context-Dependent Sentiment Analysis in User-Generated Videos}}
@INPROCEEDINGS{papers-183,
   AUTHOR = {Akasaki, Satoshi and Kaji, Nobuhiro},
   SORTNAME = {Akasaki, Satoshi and Kaji, Nobuhiro},
   TITLE = {Chat Detection in an Intelligent Assistant: Combining Task-oriented and Non-task-oriented Spoken Dialogue Systems}}
@INPROCEEDINGS{papers-019,
   AUTHOR = {Liu, Ting and Cui, Yiming and Yin, Qingyu and Zhang, Wei-Nan and Wang, Shijin and Hu, Guoping},
   SORTNAME = {Liu, Ting and Cui, Yiming and Yin, Qingyu and Zhang, Wei-Nan and Wang, Shijin and Hu, Guoping},
   TITLE = {Generating and Exploiting Large-scale Pseudo Training Data for Zero Pronoun Resolution}}
@INPROCEEDINGS{papers-193,
   AUTHOR = {Hershcovich, Daniel and Abend, Omri and Rappoport, Ari},
   SORTNAME = {Hershcovich, Daniel and Abend, Omri and Rappoport, Ari},
   TITLE = {A Transition-Based Directed Acyclic Graph Parser for UCCA}}
@INPROCEEDINGS{papers-198,
   AUTHOR = {Johnson, Rie and Zhang, Tong},
   SORTNAME = {Johnson, Rie and Zhang, Tong},
   TITLE = {Deep Pyramid Convolutional Neural Networks for Text Categorization}}
@INPROCEEDINGS{papers-200,
   AUTHOR = {He, Shizhu and Liu, Cao and Liu, Kang and Zhao, Jun},
   SORTNAME = {He, Shizhu and Liu, Cao and Liu, Kang and Zhao, Jun},
   TITLE = {Generating Natural Answers by Incorporating Copying and Retrieving Mechanisms in Sequence-to-Sequence Learning}}
@INPROCEEDINGS{papers-021,
   AUTHOR = {Wang, Chengyu and Yan, Junchi and Zhou, Aoying and He, Xiaofeng},
   SORTNAME = {Wang, Chengyu and Yan, Junchi and Zhou, Aoying and He, Xiaofeng},
   TITLE = {Transductive Non-linear Learning for Chinese Hypernym Prediction}}
@INPROCEEDINGS{papers-216,
   AUTHOR = {Amoualian, Hesam and Lu, Wei and Gaussier, Eric and Balikas, Georgios and Amini, Massih R and Clausel, Marianne},
   SORTNAME = {Amoualian, Hesam and Lu, Wei and Gaussier, Eric and Balikas, Georgios and Amini, Massih R and Clausel, Marianne},
   TITLE = {Topical Coherence in LDA-based Models through Induced Segmentation}}
@INPROCEEDINGS{papers-218,
   AUTHOR = {Pan, Liangming and Li, Chengjiang and Li, Juanzi and Tang, Jie},
   SORTNAME = {Pan, Liangming and Li, Chengjiang and Li, Juanzi and Tang, Jie},
   TITLE = {Prerequisite Relation Learning for Concepts in MOOCs}}
@INPROCEEDINGS{papers-219,
   AUTHOR = {Cheng, Jianpeng and Reddy, Siva and Saraswat, Vijay and Lapata, Mirella},
   SORTNAME = {Cheng, Jianpeng and Reddy, Siva and Saraswat, Vijay and Lapata, Mirella},
   TITLE = {Learning Structured Natural Language Representations for Semantic Parsing}}
@INPROCEEDINGS{papers-220,
   AUTHOR = {Gritta, Milan and Pilehvar, Mohammad Taher and Limsopatham, Nut and Collier, Nigel},
   SORTNAME = {Gritta, Milan and Pilehvar, Mohammad Taher and Limsopatham, Nut and Collier, Nigel},
   TITLE = {Vancouver Welcomes You! Minimalist Location Metonymy Resolution}}
@INPROCEEDINGS{papers-222,
   AUTHOR = {Zheng, Suncong and Wang, Feng and Bao, Hongyun and Hao, Yuexing and Zhou, Peng and Xu, Bo},
   SORTNAME = {Zheng, Suncong and Wang, Feng and Bao, Hongyun and Hao, Yuexing and Zhou, Peng and Xu, Bo},
   TITLE = {Joint Extraction of Entities and Relations Based on a Novel Tagging Scheme}}
@INPROCEEDINGS{papers-223,
   AUTHOR = {Cagan, Tomer and Frank, Stefan L. and Tsarfaty, Reut},
   SORTNAME = {Cagan, Tomer and Frank, Stefan L. and Tsarfaty, Reut},
   TITLE = {Data-Driven Broad-Coverage Grammars for Opinionated Natural Language Generation (ONLG)}}
@INPROCEEDINGS{papers-226,
   AUTHOR = {Wróblewska, Alina and Krasnowska-Kieraś, Katarzyna},
   SORTNAME = {Wroblewska, Alina and Krasnowska-Kieras, Katarzyna},
   TITLE = {Polish evaluation dataset for compositional distributional semantics models}}
@INPROCEEDINGS{papers-240,
   AUTHOR = {Malmasi, Shervin and Dras, Mark and Johnson, Mark and Du, Lan and Wolska, Magdalena},
   SORTNAME = {Malmasi, Shervin and Dras, Mark and Johnson, Mark and Du, Lan and Wolska, Magdalena},
   TITLE = {Unsupervised Text Segmentation Based on Native Language Characteristics}}
@INPROCEEDINGS{papers-251,
   AUTHOR = {Gittens, Alex and Achlioptas, Dimitris and Mahoney, Michael W.},
   SORTNAME = {Gittens, Alex and Achlioptas, Dimitris and Mahoney, Michael W.},
   TITLE = {Skip-Gram - Zipf + Uniform = Vector Additivity}}
@INPROCEEDINGS{papers-252,
   AUTHOR = {Ji, Jianshu and Wang, Qinlong and Toutanova, Kristina and Gong, Yongen and Truong, Steven and Gao, Jianfeng},
   SORTNAME = {Ji, Jianshu and Wang, Qinlong and Toutanova, Kristina and Gong, Yongen and Truong, Steven and Gao, Jianfeng},
   TITLE = {A Nested Attention Neural Hybrid Model for Grammatical Error Correction}}
@INPROCEEDINGS{papers-256,
   AUTHOR = {Zhao, Tiancheng and Zhao, Ran and Eskenazi, Maxine},
   SORTNAME = {Zhao, Tiancheng and Zhao, Ran and Eskenazi, Maxine},
   TITLE = {Learning Discourse-level Diversity for Neural Dialog Models using Conditional Variational Autoencoders}}
@INPROCEEDINGS{papers-026,
   AUTHOR = {Hao, Yanchao and Zhang, Yuanzhe and Liu, Kang and He, Shizhu and Liu, Zhanyi and Wu, Hua and Zhao, Jun},
   SORTNAME = {Hao, Yanchao and Zhang, Yuanzhe and Liu, Kang and He, Shizhu and Liu, Zhanyi and Wu, Hua and Zhao, Jun},
   TITLE = {An End-to-End Model for Question Answering over Knowledge Base with Cross-Attention Combining Global Knowledge}}
@INPROCEEDINGS{papers-265,
   AUTHOR = {Lau, Jey Han and Baldwin, Timothy and Cohn, Trevor},
   SORTNAME = {Lau, Jey Han and Baldwin, Timothy and Cohn, Trevor},
   TITLE = {Topically Driven Neural Language Model}}
@INPROCEEDINGS{papers-268,
   AUTHOR = {Xu, Mingbin and Jiang, Hui and Watcharawittayakul, Sedtawut},
   SORTNAME = {Xu, Mingbin and Jiang, Hui and Watcharawittayakul, Sedtawut},
   TITLE = {A Local Detection Approach for Named Entity Recognition and Mention Detection}}
@INPROCEEDINGS{papers-270,
   AUTHOR = {Chen, Qian and Zhu, Xiaodan and Ling, Zhen-Hua and Wei, Si and Jiang, Hui and Inkpen, Diana},
   SORTNAME = {Chen, Qian and Zhu, Xiaodan and Ling, Zhen-Hua and Wei, Si and Jiang, Hui and Inkpen, Diana},
   TITLE = {Enhanced LSTM for Natural Language Inference}}
@INPROCEEDINGS{papers-274,
   AUTHOR = {He, Ruidan and Lee, Wee Sun and Ng, Hwee Tou and Dahlmeier, Daniel},
   SORTNAME = {He, Ruidan and Lee, Wee Sun and Ng, Hwee Tou and Dahlmeier, Daniel},
   TITLE = {An Unsupervised Neural Attention Model for Aspect Extraction}}
@INPROCEEDINGS{papers-276,
   AUTHOR = {Rei, Marek},
   SORTNAME = {Rei, Marek},
   TITLE = {Semi-supervised Multitask Learning for Sequence Labeling}}
@INPROCEEDINGS{papers-296,
   AUTHOR = {Rabinovich, Ella and Ordan, Noam and Wintner, Shuly},
   SORTNAME = {Rabinovich, Ella and Ordan, Noam and Wintner, Shuly},
   TITLE = {Found in Translation: Reconstructing Phylogenetic Language Trees from Translations}}
@INPROCEEDINGS{papers-312,
   AUTHOR = {Cao, Junjie and Huang, Sheng and Sun, Weiwei and Wan, Xiaojun},
   SORTNAME = {Cao, Junjie and Huang, Sheng and Sun, Weiwei and Wan, Xiaojun},
   TITLE = {Parsing to 1-Endpoint-Crossing, Pagenumber-2 Graphs}}
@INPROCEEDINGS{papers-318,
   AUTHOR = {Niu, Yilin and Xie, Ruobing and Liu, Zhiyuan and Sun, Maosong},
   SORTNAME = {Niu, Yilin and Xie, Ruobing and Liu, Zhiyuan and Sun, Maosong},
   TITLE = {Improved Word Representation Learning with Sememes}}
@INPROCEEDINGS{papers-319,
   AUTHOR = {Murakami, Soichiro and Watanabe, Akihiko and Miyazawa, Akira and Goshima, Keiichi and Yanase, Toshihiko and Takamura, Hiroya and Miyao, Yusuke},
   SORTNAME = {Murakami, Soichiro and Watanabe, Akihiko and Miyazawa, Akira and Goshima, Keiichi and Yanase, Toshihiko and Takamura, Hiroya and Miyao, Yusuke},
   TITLE = {Learning to Generate Market Comments from Stock Prices}}
@INPROCEEDINGS{papers-323,
   AUTHOR = {Tien Nguyen, Dat and Joty, Shafiq},
   SORTNAME = {Tien Nguyen, Dat and Joty, Shafiq},
   TITLE = {A Neural Local Coherence Model}}
@INPROCEEDINGS{papers-326,
   AUTHOR = {Chen, Xinchi and Shi, Zhan and Qiu, Xipeng and Huang, Xuanjing},
   SORTNAME = {Chen, Xinchi and Shi, Zhan and Qiu, Xipeng and Huang, Xuanjing},
   TITLE = {Adversarial Multi-Criteria Learning for Chinese Word Segmentation}}
@INPROCEEDINGS{papers-033,
   AUTHOR = {Qian, Qiao and Huang, Minlie and Lei, Jinhao and Zhu, Xiaoyan},
   SORTNAME = {Qian, Qiao and Huang, Minlie and Lei, Jinhao and Zhu, Xiaoyan},
   TITLE = {Linguistically Regularized LSTM for Sentiment Classification}}
@INPROCEEDINGS{papers-333,
   AUTHOR = {Zhou, Qingyu and Yang, Nan and Wei, Furu and Zhou, Ming},
   SORTNAME = {Zhou, Qingyu and Yang, Nan and Wei, Furu and Zhou, Ming},
   TITLE = {Selective Encoding for Abstractive Sentence Summarization}}
@INPROCEEDINGS{papers-335,
   AUTHOR = {Wang, Wenhui and Yang, Nan and Wei, Furu and Chang, Baobao and Zhou, Ming},
   SORTNAME = {Wang, Wenhui and Yang, Nan and Wei, Furu and Chang, Baobao and Zhou, Ming},
   TITLE = {Gated Self-Matching Networks for Reading Comprehension and Question Answering}}
@INPROCEEDINGS{papers-336,
   AUTHOR = {Kurita, Shuhei and Kawahara, Daisuke and Kurohashi, Sadao},
   SORTNAME = {Kurita, Shuhei and Kawahara, Daisuke and Kurohashi, Sadao},
   TITLE = {Neural Joint Model for Transition-based Chinese Syntactic Analysis}}
@INPROCEEDINGS{papers-338,
   AUTHOR = {Wang, Xuepeng and Liu, Kang and Zhao, Jun},
   SORTNAME = {Wang, Xuepeng and Liu, Kang and Zhao, Jun},
   TITLE = {Handling Cold-Start Problem in Review Spam Detection by Jointly Embedding Texts and Behaviors}}
@INPROCEEDINGS{papers-341,
   AUTHOR = {Li, Junhui and Xiong, Deyi and Tu, Zhaopeng and Zhu, Muhua and Zhang, Min and Zhou, Guodong},
   SORTNAME = {Li, Junhui and Xiong, Deyi and Tu, Zhaopeng and Zhu, Muhua and Zhang, Min and Zhou, Guodong},
   TITLE = {Modeling Source Syntax for Neural Machine Translation}}
@INPROCEEDINGS{papers-342,
   AUTHOR = {Ye, Hai and Chao, Wenhan and Luo, Zhunchen and Li, Zhoujun},
   SORTNAME = {Ye, Hai and Chao, Wenhan and Luo, Zhunchen and Li, Zhoujun},
   TITLE = {Jointly Extracting Relations with Class Ties via Effective Deep Ranking}}
@INPROCEEDINGS{papers-343,
   AUTHOR = {Yang, Jie and Zhang, Yue and Dong, Fei},
   SORTNAME = {Yang, Jie and Zhang, Yue and Dong, Fei},
   TITLE = {Neural Word Segmentation with Rich Pretraining}}
@INPROCEEDINGS{papers-347,
   AUTHOR = {Zhang, Jiyuan and Feng, Yang and Wang, Dong and Wang, Yang and Abel, Andrew and Zhang, Shiyue and Zhang, Andi},
   SORTNAME = {Zhang, Jiyuan and Feng, Yang and Wang, Dong and Wang, Yang and Abel, Andrew and Zhang, Shiyue and Zhang, Andi},
   TITLE = {Flexible and Creative Chinese Poetry Generation Using Neural Memory}}
@INPROCEEDINGS{papers-348,
   AUTHOR = {Lin, Yankai and Liu, Zhiyuan and Sun, Maosong},
   SORTNAME = {Lin, Yankai and Liu, Zhiyuan and Sun, Maosong},
   TITLE = {Neural Relation Extraction with Multi-lingual Attention}}
@INPROCEEDINGS{papers-350,
   AUTHOR = {Chen, Yubo and Liu, Shulin and Zhang, Xiang and Liu, Kang and Zhao, Jun},
   SORTNAME = {Chen, Yubo and Liu, Shulin and Zhang, Xiang and Liu, Kang and Zhao, Jun},
   TITLE = {Automatically Labeled Data Generation for Large Scale Event Extraction}}
@INPROCEEDINGS{papers-352,
   AUTHOR = {Liu, Pengfei and Qiu, Xipeng and Huang, Xuanjing},
   SORTNAME = {Liu, Pengfei and Qiu, Xipeng and Huang, Xuanjing},
   TITLE = {Adversarial Multi-task Learning for Text Classification}}
@INPROCEEDINGS{papers-355,
   AUTHOR = {Ouchi, Hiroki and Shindo, Hiroyuki and Matsumoto, Yuji},
   SORTNAME = {Ouchi, Hiroki and Shindo, Hiroyuki and Matsumoto, Yuji},
   TITLE = {Neural Modeling of Multi-Predicate Interactions for Japanese Predicate Argument Structure Analysis}}
@INPROCEEDINGS{papers-360,
   AUTHOR = {Song, Wei and Wang, Dong and Fu, Ruiji and Liu, Lizhen and Liu, Ting and Hu, Guoping},
   SORTNAME = {Song, Wei and Wang, Dong and Fu, Ruiji and Liu, Lizhen and Liu, Ting and Hu, Guoping},
   TITLE = {Discourse Mode Identification in Essays}}
@INPROCEEDINGS{papers-365,
   AUTHOR = {Bollmann, Marcel and Bingel, Joachim and Søgaard, Anders},
   SORTNAME = {Bollmann, Marcel and Bingel, Joachim and Søgaard, Anders},
   TITLE = {Learning attention for historical text normalization by learning to pronounce}}
@INPROCEEDINGS{papers-366,
   AUTHOR = {Niculae, Vlad and Park, Joonsuk and Cardie, Claire},
   SORTNAME = {Niculae, Vlad and Park, Joonsuk and Cardie, Claire},
   TITLE = {Argument Mining with Structured SVMs and RNNs}}
@INPROCEEDINGS{papers-037,
   AUTHOR = {Wu, Yu and wu, wei and Xing, Chen and Zhou, Ming and Li, Zhoujun},
   SORTNAME = {Wu, Yu and wu, wei and Xing, Chen and Zhou, Ming and Li, Zhoujun},
   TITLE = {Sequential Matching Network: A New Architecture for Multi-turn Response Selection in Retrieval-Based Chatbots}}
@INPROCEEDINGS{papers-375,
   AUTHOR = {Tu, Cunchao and Liu, Han and Liu, Zhiyuan and Sun, Maosong},
   SORTNAME = {Tu, Cunchao and Liu, Han and Liu, Zhiyuan and Sun, Maosong},
   TITLE = {CANE: Context-Aware Network Embedding for Relation Modeling}}
@INPROCEEDINGS{papers-038,
   AUTHOR = {Wu, Shuangzhi and Zhang, Dongdong and Yang, Nan and Li, Mu and Zhou, Ming},
   SORTNAME = {Wu, Shuangzhi and Zhang, Dongdong and Yang, Nan and Li, Mu and Zhou, Ming},
   TITLE = {Sequence-to-Dependency Neural Machine Translation}}
@INPROCEEDINGS{papers-382,
   AUTHOR = {Gardent, Claire and Shimorina, Anastasia and Narayan, Shashi and Perez-Beltrachini, Laura},
   SORTNAME = {Gardent, Claire and Shimorina, Anastasia and Narayan, Shashi and Perez-Beltrachini, Laura},
   TITLE = {Creating Training Corpora for NLG Micro-Planners}}
@INPROCEEDINGS{papers-384,
   AUTHOR = {Pavlick, Ellie and Pasca, Marius},
   SORTNAME = {Pavlick, Ellie and Pasca, Marius},
   TITLE = {Identifying 1950s American Jazz Musicians: Fine-Grained IsA Extraction via Modifier Composition}}
@INPROCEEDINGS{papers-385,
   AUTHOR = {Berzak, Yevgeni and Nakamura, Chie and Flynn, Suzanne and Katz, Boris},
   SORTNAME = {Berzak, Yevgeni and Nakamura, Chie and Flynn, Suzanne and Katz, Boris},
   TITLE = {Predicting Native Language from Gaze}}
@INPROCEEDINGS{papers-387,
   AUTHOR = {Mishra, Abhijit and Dey, Kuntal and Bhattacharyya, Pushpak},
   SORTNAME = {Mishra, Abhijit and Dey, Kuntal and Bhattacharyya, Pushpak},
   TITLE = {Learning Cognitive Features from Gaze Data for Sentiment and Sarcasm Classification using Convolutional Neural Network}}
@INPROCEEDINGS{papers-417,
   AUTHOR = {Tan, Chenhao and Card, Dallas and Smith, Noah A.},
   SORTNAME = {Tan, Chenhao and Card, Dallas and Smith, Noah A.},
   TITLE = {Friendships, Rivalries, and Trysts: Characterizing Relations between Ideas in Texts}}
@INPROCEEDINGS{papers-419,
   AUTHOR = {Kann, Katharina and Cotterell, Ryan and Schütze, Hinrich},
   SORTNAME = {Kann, Katharina and Cotterell, Ryan and Schutze, Hinrich},
   TITLE = {One-Shot Neural Cross-Lingual Transfer for Paradigm Completion}}
@INPROCEEDINGS{papers-428,
   AUTHOR = {Peyrard, Maxime and Eckle-Kohler, Judith},
   SORTNAME = {Peyrard, Maxime and Eckle-Kohler, Judith},
   TITLE = {Supervised Learning of Automatic Pyramid for Optimization-Based Multi-Document Summarization}}
@INPROCEEDINGS{papers-429,
   AUTHOR = {Ghosh, Sayan and Chollet, Mathieu and Laksana, Eugene and Morency, Louis-Philippe and Scherer, Stefan},
   SORTNAME = {Ghosh, Sayan and Chollet, Mathieu and Laksana, Eugene and Morency, Louis-Philippe and Scherer, Stefan},
   TITLE = {Affect-LM: A Neural Language Model for Customizable Affective Text Generation}}
@INPROCEEDINGS{papers-433,
   AUTHOR = {Wang, Hongmin and Zhang, Yue and Chan, GuangYong Leonard and Yang, Jie and Chieu, Hai Leong},
   SORTNAME = {Wang, Hongmin and Zhang, Yue and Chan, GuangYong Leonard and Yang, Jie and Chieu, Hai Leong},
   TITLE = {Universal Dependencies Parsing for Colloquial Singaporean English}}
@INPROCEEDINGS{papers-439,
   AUTHOR = {Richardson, Kyle and Kuhn, Jonas},
   SORTNAME = {Richardson, Kyle and Kuhn, Jonas},
   TITLE = {Learning Semantic Correspondences in Technical Documentation}}
@INPROCEEDINGS{papers-440,
   AUTHOR = {Yoshikawa, Masashi and Noji, Hiroshi and Matsumoto, Yuji},
   SORTNAME = {Yoshikawa, Masashi and Noji, Hiroshi and Matsumoto, Yuji},
   TITLE = {A* CCG Parsing with a Supertag and Dependency Factored Model}}
@INPROCEEDINGS{papers-443,
   AUTHOR = {Villalba, Martin and Teichmann, Christoph and Koller, Alexander},
   SORTNAME = {Villalba, Martin and Teichmann, Christoph and Koller, Alexander},
   TITLE = {Generating Contrastive Referring Expressions}}
@INPROCEEDINGS{papers-447,
   AUTHOR = {Ji, Yangfeng and Smith, Noah A.},
   SORTNAME = {Ji, Yangfeng and Smith, Noah A.},
   TITLE = {Neural Discourse Structure for Text Categorization}}
@INPROCEEDINGS{papers-448,
   AUTHOR = {Foland, William and Martin, James H.},
   SORTNAME = {Foland, William and Martin, James H.},
   TITLE = {Abstract Meaning Representation Parsing using LSTM Recurrent Neural Networks}}
@INPROCEEDINGS{papers-452,
   AUTHOR = {Abend, Omri and Rappoport, Ari},
   SORTNAME = {Abend, Omri and Rappoport, Ari},
   TITLE = {The State of the Art in Semantic Representation}}
@INPROCEEDINGS{papers-454,
   AUTHOR = {Calixto, Iacer and Liu, Qun and Campbell, Nick},
   SORTNAME = {Calixto, Iacer and Liu, Qun and Campbell, Nick},
   TITLE = {Doubly-Attentive Decoder for Multi-modal Neural Machine Translation}}
@INPROCEEDINGS{papers-462,
   AUTHOR = {Rekabsaz, Navid and Lupu, Mihai and Baklanov, Artem and Dür, Alexander and Andersson, Linda and Hanbury, Allan},
   SORTNAME = {Rekabsaz, Navid and Lupu, Mihai and Baklanov, Artem and Dur, Alexander and Andersson, Linda and Hanbury, Allan},
   TITLE = {Volatility Prediction using Financial Disclosures Sentiments with Word Embedding-based IR Models}}
@INPROCEEDINGS{papers-467,
   AUTHOR = {Artetxe, Mikel and Labaka, Gorka and Agirre, Eneko},
   SORTNAME = {Artetxe, Mikel and Labaka, Gorka and Agirre, Eneko},
   TITLE = {Learning bilingual word embeddings with (almost) no bilingual data}}
@INPROCEEDINGS{papers-470,
   AUTHOR = {PVS, Avinesh and Meyer, Christian M.},
   SORTNAME = {PVS, Avinesh and Meyer, Christian M.},
   TITLE = {Joint Optimization of User-desired Content in Multi-document Summaries by Learning from User Feedback}}
@INPROCEEDINGS{papers-477,
   AUTHOR = {Vania, Clara and Lopez, Adam},
   SORTNAME = {Vania, Clara and Lopez, Adam},
   TITLE = {From Characters to Words to in Between: Do We Capture Morphology?}}
@INPROCEEDINGS{papers-481,
   AUTHOR = {Shekhar, Ravi and Pezzelle, Sandro and Klimovich, Yauhen and Herbelot, Aurélie and Nabi, Moin and Sangineto, Enver and Bernardi, Raffaella},
   SORTNAME = {Shekhar, Ravi and Pezzelle, Sandro and Klimovich, Yauhen and Herbelot, Aurelie and Nabi, Moin and Sangineto, Enver and Bernardi, Raffaella},
   TITLE = {FOIL it! Find One mismatch between Image and Language caption}}
@INPROCEEDINGS{papers-484,
   AUTHOR = {Hori, Takaaki and Watanabe, Shinji and Hershey, John},
   SORTNAME = {Hori, Takaaki and Watanabe, Shinji and Hershey, John},
   TITLE = {Joint CTC/attention decoding for end-to-end speech recognition}}
@INPROCEEDINGS{papers-489,
   AUTHOR = {Zarrieß, Sina and Schlangen, David},
   SORTNAME = {Zarrieß, Sina and Schlangen, David},
   TITLE = {Obtaining referential word meanings from visual and distributional information: Experiments on object naming}}
@INPROCEEDINGS{papers-049,
   AUTHOR = {Ishiwatari, Shonosuke and Yao, Jingtao and Liu, Shujie and Li, Mu and Zhou, Ming and Yoshinaga, Naoki and Kitsuregawa, Masaru and Jia, Weijia},
   SORTNAME = {Ishiwatari, Shonosuke and Yao, Jingtao and Liu, Shujie and Li, Mu and Zhou, Ming and Yoshinaga, Naoki and Kitsuregawa, Masaru and Jia, Weijia},
   TITLE = {Chunk-based Decoder for Neural Machine Translation}}
@INPROCEEDINGS{papers-491,
   AUTHOR = {Pérez-Rosas, Verónica and Mihalcea, Rada and Resnicow, Kenneth and Singh, Satinder and An, Lawrence},
   SORTNAME = {Perez-Rosas, Veronica and Mihalcea, Rada and Resnicow, Kenneth and Singh, Satinder and An, Lawrence},
   TITLE = {Understanding and Predicting Empathic Behavior in Counseling Therapy}}
@INPROCEEDINGS{papers-493,
   AUTHOR = {Chrupała, Grzegorz and Gelderloos, Lieke and Alishahi, Afra},
   SORTNAME = {Chrupała, Grzegorz and Gelderloos, Lieke and Alishahi, Afra},
   TITLE = {Representations of language in a model of visually grounded speech signal}}
@INPROCEEDINGS{papers-494,
   AUTHOR = {Vulić, Ivan and Mrkšić, Nikola and Reichart, Roi and Ó Séaghdha, Diarmuid and Young, Steve and Korhonen, Anna},
   SORTNAME = {Vulic, Ivan and Mrksic, Nikola and Reichart, Roi and O Seaghdha, Diarmuid and Young, Steve and Korhonen, Anna},
   TITLE = {Morph-fitting: Fine-Tuning Word Vector Spaces with Simple Language-Specific Rules}}
@INPROCEEDINGS{papers-496,
   AUTHOR = {Belinkov, Yonatan and Durrani, Nadir and Dalvi, Fahim and Sajjad, Hassan and Glass, James},
   SORTNAME = {Belinkov, Yonatan and Durrani, Nadir and Dalvi, Fahim and Sajjad, Hassan and Glass, James},
   TITLE = {What do Neural Machine Translation Models Learn about Morphology?}}
@INPROCEEDINGS{papers-506,
   AUTHOR = {Xu, Ruochen and Yang, Yiming},
   SORTNAME = {Xu, Ruochen and Yang, Yiming},
   TITLE = {Cross-lingual Distillation for Text Classification}}
@INPROCEEDINGS{papers-507,
   AUTHOR = {Fonarev, Alexander and Grinchuk, Oleksii and Gusev, Gleb and Serdyukov, Pavel and Oseledets, Ivan},
   SORTNAME = {Fonarev, Alexander and Grinchuk, Oleksii and Gusev, Gleb and Serdyukov, Pavel and Oseledets, Ivan},
   TITLE = {Riemannian Optimization for Skip-Gram Negative Sampling}}
@INPROCEEDINGS{papers-516,
   AUTHOR = {Lund, Jeffrey and Cook, Connor and Seppi, Kevin and Boyd-Graber, Jordan},
   SORTNAME = {Lund, Jeffrey and Cook, Connor and Seppi, Kevin and Boyd-Graber, Jordan},
   TITLE = {Tandem Anchoring: a Multiword Anchor Approach for Interactive Topic Modeling}}
@INPROCEEDINGS{papers-525,
   AUTHOR = {Abdul-Mageed, Muhammad and Ungar, Lyle},
   SORTNAME = {Abdul-Mageed, Muhammad and Ungar, Lyle},
   TITLE = {EmoNet: Fine-Grained Emotion Detection with Gated Recurrent Neural Networks}}
@INPROCEEDINGS{papers-528,
   AUTHOR = {Williams, Jason D and Asadi, Kavosh and Zweig, Geoffrey},
   SORTNAME = {Williams, Jason D and Asadi, Kavosh and Zweig, Geoffrey},
   TITLE = {Hybrid Code Networks: practical and efficient end-to-end dialog control with supervised and reinforcement learning}}
@INPROCEEDINGS{papers-543,
   AUTHOR = {Liu, Frederick and Lu, Han and Lo, Chieh and Neubig, Graham},
   SORTNAME = {Liu, Frederick and Lu, Han and Lo, Chieh and Neubig, Graham},
   TITLE = {Learning Character-level Compositionality with Visual Features}}
@INPROCEEDINGS{papers-547,
   AUTHOR = {Kawakami, Kazuya and Dyer, Chris and Blunsom, Phil},
   SORTNAME = {Kawakami, Kazuya and Dyer, Chris and Blunsom, Phil},
   TITLE = {Learning to Create and Reuse Words in Open-Vocabulary Neural Language Modeling}}
@INPROCEEDINGS{papers-554,
   AUTHOR = {Gan, Zhe and Li, Chunyuan and Chen, Changyou and Pu, Yunchen and Su, Qinliang and Carin, Lawrence},
   SORTNAME = {Gan, Zhe and Li, Chunyuan and Chen, Changyou and Pu, Yunchen and Su, Qinliang and Carin, Lawrence},
   TITLE = {Scalable Bayesian Learning of Recurrent Neural Networks for Language Modeling}}
@INPROCEEDINGS{papers-555,
   AUTHOR = {Ling, Wang and Yogatama, Dani and Dyer, Chris and Blunsom, Phil},
   SORTNAME = {Ling, Wang and Yogatama, Dani and Dyer, Chris and Blunsom, Phil},
   TITLE = {Program Induction by Rationale Generation: Learning to Solve and Explain Algebraic Word Problems}}
@INPROCEEDINGS{papers-556,
   AUTHOR = {She, Lanbo and Chai, Joyce},
   SORTNAME = {She, Lanbo and Chai, Joyce},
   TITLE = {Interactive Learning of Grounded Verb Semantics towards Human-Robot Communication}}
@INPROCEEDINGS{papers-558,
   AUTHOR = {Tan, Jiwei and Wan, Xiaojun and Xiao, Jianguo},
   SORTNAME = {Tan, Jiwei and Wan, Xiaojun and Xiao, Jianguo},
   TITLE = {Abstractive Document Summarization with a Graph-Based Attentional Neural Model}}
@INPROCEEDINGS{papers-561,
   AUTHOR = {Peters, Matthew and Ammar, Waleed and Bhagavatula, Chandra and Power, Russell},
   SORTNAME = {Peters, Matthew and Ammar, Waleed and Bhagavatula, Chandra and Power, Russell},
   TITLE = {Semi-supervised sequence tagging with bidirectional language models}}
@INPROCEEDINGS{papers-564,
   AUTHOR = {Hokamp, Chris and Liu, Qun},
   SORTNAME = {Hokamp, Chris and Liu, Qun},
   TITLE = {Lexically Constrained Decoding for Sequence Generation Using Grid Beam Search}}
@INPROCEEDINGS{papers-565,
   AUTHOR = {Sedoc, Joao and Gallier, Jean and Foster, Dean and Ungar, Lyle},
   SORTNAME = {Sedoc, Joao and Gallier, Jean and Foster, Dean and Ungar, Lyle},
   TITLE = {Semantic Word Clusters Using Signed Spectral Clustering}}
@INPROCEEDINGS{papers-568,
   AUTHOR = {Rehbein, Ines and Ruppenhofer, Josef},
   SORTNAME = {Rehbein, Ines and Ruppenhofer, Josef},
   TITLE = {Detecting annotation noise in automatically labelled data}}
@INPROCEEDINGS{papers-573,
   AUTHOR = {Harwath, David and Glass, James},
   SORTNAME = {Harwath, David and Glass, James},
   TITLE = {Learning Word-Like Units from Joint Audio-Visual Analysis}}
@INPROCEEDINGS{papers-578,
   AUTHOR = {Buys, Jan and Blunsom, Phil},
   SORTNAME = {Buys, Jan and Blunsom, Phil},
   TITLE = {Robust Incremental Neural Semantic Graph Parsing}}
@INPROCEEDINGS{papers-583,
   AUTHOR = {Pavalanathan, Umashanthi and Fitzpatrick, Jim and Kiesling, Scott and Eisenstein, Jacob},
   SORTNAME = {Pavalanathan, Umashanthi and Fitzpatrick, Jim and Kiesling, Scott and Eisenstein, Jacob},
   TITLE = {A Multidimensional Lexicon for Interpersonal Stancetaking}}
@INPROCEEDINGS{papers-585,
   AUTHOR = {Yang, Zhilin and Hu, Junjie and Salakhutdinov, Ruslan and Cohen, William},
   SORTNAME = {Yang, Zhilin and Hu, Junjie and Salakhutdinov, Ruslan and Cohen, William},
   TITLE = {Semi-Supervised QA with Generative Domain-Adaptive Nets}}
@INPROCEEDINGS{papers-590,
   AUTHOR = {Pasunuru, Ramakanth and Bansal, Mohit},
   SORTNAME = {Pasunuru, Ramakanth and Bansal, Mohit},
   TITLE = {Multi-Task Video Captioning with Video and Entailment Generation}}
@INPROCEEDINGS{papers-592,
   AUTHOR = {Kim, Young-Bum and Stratos, Karl and Kim, Dongchan},
   SORTNAME = {Kim, Young-Bum and Stratos, Karl and Kim, Dongchan},
   TITLE = {Adversarial Adaptation of Synthetic or Stale Data}}
@INPROCEEDINGS{papers-595,
   AUTHOR = {Nguyen, An Thanh and Wallace, Byron and Li, Junyi Jessy and Nenkova, Ani and Lease, Matthew},
   SORTNAME = {Nguyen, An Thanh and Wallace, Byron and Li, Junyi Jessy and Nenkova, Ani and Lease, Matthew},
   TITLE = {Aggregating and Predicting Sequence Labels from Crowd Annotations}}
@INPROCEEDINGS{papers-596,
   AUTHOR = {Peng, Hao and Thomson, Sam and Smith, Noah A.},
   SORTNAME = {Peng, Hao and Thomson, Sam and Smith, Noah A.},
   TITLE = {Deep Multitask Learning for Semantic Dependency Parsing}}
@INPROCEEDINGS{papers-598,
   AUTHOR = {Kreutzer, Julia and Sokolov, Artem and Riezler, Stefan},
   SORTNAME = {Kreutzer, Julia and Sokolov, Artem and Riezler, Stefan},
   TITLE = {Bandit Structured Prediction for Neural Sequence-to-Sequence Learning}}
@INPROCEEDINGS{papers-603,
   AUTHOR = {Chen, Huadong and Huang, Shujian and Chiang, David and Chen, Jiajun},
   SORTNAME = {Chen, Huadong and Huang, Shujian and Chiang, David and Chen, Jiajun},
   TITLE = {Improved Neural Machine Translation with a Syntax-Aware Encoder and Decoder}}
@INPROCEEDINGS{papers-606,
   AUTHOR = {Liang, Chen and Berant, Jonathan and Le, Quoc and Forbus, Kenneth D. and Lao, Ni},
   SORTNAME = {Liang, Chen and Berant, Jonathan and Le, Quoc and Forbus, Kenneth D. and Lao, Ni},
   TITLE = {Neural Symbolic Machines: Learning Semantic Parsers on Freebase with Weak Supervision}}
@INPROCEEDINGS{papers-611,
   AUTHOR = {Bloodgood, Michael and Strauss, Benjamin},
   SORTNAME = {Bloodgood, Michael and Strauss, Benjamin},
   TITLE = {Using Global Constraints and Reranking to Improve Cognates Detection}}
@INPROCEEDINGS{papers-616,
   AUTHOR = {Preoţiuc-Pietro, Daniel and Liu, Ye and Hopkins, Daniel and Ungar, Lyle},
   SORTNAME = {Preotiuc-Pietro, Daniel and Liu, Ye and Hopkins, Daniel and Ungar, Lyle},
   TITLE = {Beyond Binary Labels: Political Ideology Prediction of Twitter Users}}
@INPROCEEDINGS{papers-617,
   AUTHOR = {Lim, Swee Kiat and Muis, Aldrian Obaja and Lu, Wei and Ong, Chen Hui},
   SORTNAME = {Lim, Swee Kiat and Muis, Aldrian Obaja and Lu, Wei and Ong, Chen Hui},
   TITLE = {MalwareTextDB: A Database for Annotated Malware Articles}}
@INPROCEEDINGS{papers-619,
   AUTHOR = {Zhang, Fan and B. Hashemi, Homa and Hwa, Rebecca and Litman, Diane},
   SORTNAME = {Zhang, Fan and B. Hashemi, Homa and Hwa, Rebecca and Litman, Diane},
   TITLE = {A Corpus of Annotated Revisions for Studying Argumentative Writing}}
@INPROCEEDINGS{papers-627,
   AUTHOR = {Dhingra, Bhuwan and Li, Lihong and Li, Xiujun and Gao, Jianfeng and Chen, Yun-Nung and Ahmed, Faisal and Deng, Li},
   SORTNAME = {Dhingra, Bhuwan and Li, Lihong and Li, Xiujun and Gao, Jianfeng and Chen, Yun-Nung and Ahmed, Faisal and Deng, Li},
   TITLE = {Towards End-to-End Reinforcement Learning of Dialogue Agents for Information Access}}
@INPROCEEDINGS{papers-638,
   AUTHOR = {Miura, Yasuhide and Taniguchi, Motoki and Taniguchi, Tomoki and Ohkuma, Tomoko},
   SORTNAME = {Miura, Yasuhide and Taniguchi, Motoki and Taniguchi, Tomoki and Ohkuma, Tomoko},
   TITLE = {Unifying Text, Metadata, and User Network Representations with a Neural Network for Geolocation Prediction}}
@INPROCEEDINGS{papers-644,
   AUTHOR = {Katiyar, Arzoo and Cardie, Claire},
   SORTNAME = {Katiyar, Arzoo and Cardie, Claire},
   TITLE = {Going out on a limb: Joint Extraction of Entity Mentions and Relations without Dependency Trees}}
@INPROCEEDINGS{papers-649,
   AUTHOR = {Lowe, Ryan and Noseworthy, Michael and Serban, Iulian Vlad and Angelard-Gontier, Nicolas and Bengio, Yoshua and Pineau, Joelle},
   SORTNAME = {Lowe, Ryan and Noseworthy, Michael and Serban, Iulian Vlad and Angelard-Gontier, Nicolas and Bengio, Yoshua and Pineau, Joelle},
   TITLE = {Towards an Automatic Turing Test: Learning to Evaluate Dialogue Responses}}
@INPROCEEDINGS{papers-652,
   AUTHOR = {Xu, Yang and Reitter, David},
   SORTNAME = {Xu, Yang and Reitter, David},
   TITLE = {Spectral Analysis of Information Density in Dialogue Predicts Collaborative Task Performance}}
@INPROCEEDINGS{papers-654,
   AUTHOR = {He, Luheng and Lee, Kenton and Lewis, Mike and Zettlemoyer, Luke},
   SORTNAME = {He, Luheng and Lee, Kenton and Lewis, Mike and Zettlemoyer, Luke},
   TITLE = {Deep Semantic Role Labeling: What Works and What's Next}}
@INPROCEEDINGS{papers-658,
   AUTHOR = {Chakrabarty, Abhisek and Pandit, Onkar Arun and Garain, Utpal},
   SORTNAME = {Chakrabarty, Abhisek and Pandit, Onkar Arun and Garain, Utpal},
   TITLE = {Context Sensitive Lemmatization Using Two Successive Bidirectional Gated Recurrent Networks}}
@INPROCEEDINGS{papers-660,
   AUTHOR = {Hopkins, Jack and Kiela, Douwe},
   SORTNAME = {Hopkins, Jack and Kiela, Douwe},
   TITLE = {Automatically Generating Rhythmic Verse with Neural Networks}}
@INPROCEEDINGS{papers-673,
   AUTHOR = {Choi, Eunsol and Hewlett, Daniel and Uszkoreit, Jakob and Polosukhin, Illia and Lacoste, Alexandre and Berant, Jonathan},
   SORTNAME = {Choi, Eunsol and Hewlett, Daniel and Uszkoreit, Jakob and Polosukhin, Illia and Lacoste, Alexandre and Berant, Jonathan},
   TITLE = {Coarse-to-Fine Question Answering for Long Documents}}
@INPROCEEDINGS{papers-676,
   AUTHOR = {Oda, Yusuke and Arthur, Philip and Neubig, Graham and Yoshino, Koichiro and Nakamura, Satoshi},
   SORTNAME = {Oda, Yusuke and Arthur, Philip and Neubig, Graham and Yoshino, Koichiro and Nakamura, Satoshi},
   TITLE = {Neural Machine Translation via Binary Code Prediction}}
@INPROCEEDINGS{papers-677,
   AUTHOR = {Zhou, Chunting and Neubig, Graham},
   SORTNAME = {Zhou, Chunting and Neubig, Graham},
   TITLE = {Multi-space Variational Encoder-Decoders for Semi-supervised Labeled Sequence Transduction}}
@INPROCEEDINGS{papers-680,
   AUTHOR = {Yang, Bishan and Mitchell, Tom},
   SORTNAME = {Yang, Bishan and Mitchell, Tom},
   TITLE = {Leveraging Knowledge Bases in LSTMs for Improving Machine Reading}}
@INPROCEEDINGS{papers-684,
   AUTHOR = {Dhingra, Bhuwan and Liu, Hanxiao and Yang, Zhilin and Cohen, William and Salakhutdinov, Ruslan},
   SORTNAME = {Dhingra, Bhuwan and Liu, Hanxiao and Yang, Zhilin and Cohen, William and Salakhutdinov, Ruslan},
   TITLE = {Gated-Attention Readers for Text Comprehension}}
@INPROCEEDINGS{papers-686,
   AUTHOR = {Rijhwani, Shruti and Sequiera, Royal and Choudhury, Monojit and Bali, Kalika and Maddila, Chandra Shekhar},
   SORTNAME = {Rijhwani, Shruti and Sequiera, Royal and Choudhury, Monojit and Bali, Kalika and Maddila, Chandra Shekhar},
   TITLE = {Estimating Code-Switching on Twitter with a Novel Generalized Word-Level Language Detection Technique}}
@INPROCEEDINGS{papers-691,
   AUTHOR = {Dasigi, Pradeep and Ammar, Waleed and Dyer, Chris and Hovy, Eduard},
   SORTNAME = {Dasigi, Pradeep and Ammar, Waleed and Dyer, Chris and Hovy, Eduard},
   TITLE = {Ontology-Aware Token Embeddings for Prepositional Phrase Attachment}}
@INPROCEEDINGS{papers-694,
   AUTHOR = {Bakhshandeh, Omid and Allen, James},
   SORTNAME = {Bakhshandeh, Omid and Allen, James},
   TITLE = {Apples to Apples: Learning Semantics of Common Entities Through a Novel Comprehension Task}}
@INPROCEEDINGS{papers-699,
   AUTHOR = {Meng, Rui and Zhao, Sanqiang and Han, Shuguang and He, Daqing and Brusilovsky, Peter and Chi, Yu},
   SORTNAME = {Meng, Rui and Zhao, Sanqiang and Han, Shuguang and He, Daqing and Brusilovsky, Peter and Chi, Yu},
   TITLE = {Deep Keyphrase Generation}}
@INPROCEEDINGS{papers-700,
   AUTHOR = {Nema, Preksha and Khapra, Mitesh M. and Laha, Anirban and Ravindran, Balaraman},
   SORTNAME = {Nema, Preksha and Khapra, Mitesh M. and Laha, Anirban and Ravindran, Balaraman},
   TITLE = {Diversity driven attention model for query-based abstractive summarization}}
@INPROCEEDINGS{papers-706,
   AUTHOR = {Wang, Sida I. and Ginn, Samuel and Liang, Percy and Manning, Christopher D.},
   SORTNAME = {Wang, Sida I. and Ginn, Samuel and Liang, Percy and Manning, Christopher D.},
   TITLE = {Naturalizing a Programming Language via Interactive Learning}}
@INPROCEEDINGS{papers-707,
   AUTHOR = {Rabinovich, Maxim and Stern, Mitchell and Klein, Dan},
   SORTNAME = {Rabinovich, Maxim and Stern, Mitchell and Klein, Dan},
   TITLE = {Abstract Syntax Networks for Code Generation and Semantic Parsing}}
@INPROCEEDINGS{papers-071,
   AUTHOR = {Pan, Xiaoman and Zhang, Boliang and May, Jonathan and Nothman, Joel and Knight, Kevin and Ji, Heng},
   SORTNAME = {Pan, Xiaoman and Zhang, Boliang and May, Jonathan and Nothman, Joel and Knight, Kevin and Ji, Heng},
   TITLE = {Cross-lingual Name Tagging and Linking for 282 Languages}}
@INPROCEEDINGS{papers-710,
   AUTHOR = {Doyle, Gabriel and Goldberg, Amir and Srivastava, Sameer and Frank, Michael},
   SORTNAME = {Doyle, Gabriel and Goldberg, Amir and Srivastava, Sameer and Frank, Michael},
   TITLE = {Alignment at Work: Using Language to Distinguish the Internalization and Self-Regulation Components of Cultural Fit in Organizations}}
@INPROCEEDINGS{papers-713,
   AUTHOR = {Tong, Edmund and Zadeh, Amir and Jones, Cara and Morency, Louis-Philippe},
   SORTNAME = {Tong, Edmund and Zadeh, Amir and Jones, Cara and Morency, Louis-Philippe},
   TITLE = {Combating Human Trafficking with Multimodal Deep Models}}
@INPROCEEDINGS{papers-715,
   AUTHOR = {Chen, Danqi and Fisch, Adam and Weston, Jason and Bordes, Antoine},
   SORTNAME = {Chen, Danqi and Fisch, Adam and Weston, Jason and Bordes, Antoine},
   TITLE = {Reading Wikipedia to Answer Open-Domain Questions}}
@INPROCEEDINGS{papers-719,
   AUTHOR = {Wang, Liangguo and Jiang, Jing and Chieu, Hai Leong and Ong, Chen Hui and Song, Dandan and Liao, Lejian},
   SORTNAME = {Wang, Liangguo and Jiang, Jing and Chieu, Hai Leong and Ong, Chen Hui and Song, Dandan and Liao, Lejian},
   TITLE = {Can Syntax Help? Improving an LSTM-based Sentence Compression Model for New Domains}}
@INPROCEEDINGS{papers-723,
   AUTHOR = {Sakakini, Tarek and Bhat, Suma and Viswanath, Pramod},
   SORTNAME = {Sakakini, Tarek and Bhat, Suma and Viswanath, Pramod},
   TITLE = {MORSE: Semantic-ally Drive-n MORpheme SEgment-er}}
@INPROCEEDINGS{papers-726,
   AUTHOR = {Iyer, Srinivasan and Konstas, Ioannis and Cheung, Alvin and Krishnamurthy, Jayant and Zettlemoyer, Luke},
   SORTNAME = {Iyer, Srinivasan and Konstas, Ioannis and Cheung, Alvin and Krishnamurthy, Jayant and Zettlemoyer, Luke},
   TITLE = {Learning a Neural Semantic Parser from User Feedback}}
@INPROCEEDINGS{papers-727,
   AUTHOR = {Johnson, Kristen and Jin, Di and Goldwasser, Dan},
   SORTNAME = {Johnson, Kristen and Jin, Di and Goldwasser, Dan},
   TITLE = {Leveraging Behavioral and Social Information for Weakly Supervised Collective Classification of Political Discourse on Twitter}}
@INPROCEEDINGS{papers-728,
   AUTHOR = {Wieting, John and Gimpel, Kevin},
   SORTNAME = {Wieting, John and Gimpel, Kevin},
   TITLE = {Revisiting Recurrent Networks for Paraphrastic Sentence Embeddings}}
@INPROCEEDINGS{papers-729,
   AUTHOR = {Ma, Jing and Gao, Wei and Wong, Kam-Fai},
   SORTNAME = {Ma, Jing and Gao, Wei and Wong, Kam-Fai},
   TITLE = {Detect Rumors in Microblog Posts Using Propagation Structure via Kernel Learning}}
@INPROCEEDINGS{papers-731,
   AUTHOR = {Wu, Fangzhao and Huang, Yongfeng and Yan, Jun},
   SORTNAME = {Wu, Fangzhao and Huang, Yongfeng and Yan, Jun},
   TITLE = {Active Sentiment Domain Adaptation}}
@INPROCEEDINGS{papers-732,
   AUTHOR = {Cotterell, Ryan and Eisner, Jason},
   SORTNAME = {Cotterell, Ryan and Eisner, Jason},
   TITLE = {Probabilistic Typology: Deep Generative Models of Vowel Inventories}}
@INPROCEEDINGS{papers-733,
   AUTHOR = {Ding, Yanzhuo and Liu, Yang and Luan, Huanbo and Sun, Maosong},
   SORTNAME = {Ding, Yanzhuo and Liu, Yang and Luan, Huanbo and Sun, Maosong},
   TITLE = {Visualizing and Understanding Neural Machine Translation}}
@INPROCEEDINGS{papers-737,
   AUTHOR = {Joshi, Mandar and Choi, Eunsol and Weld, Daniel and Zettlemoyer, Luke},
   SORTNAME = {Joshi, Mandar and Choi, Eunsol and Weld, Daniel and Zettlemoyer, Luke},
   TITLE = {TriviaQA: A Large Scale Distantly Supervised Challenge Dataset for Reading Comprehension}}
@INPROCEEDINGS{papers-074,
   AUTHOR = {Croce, Danilo and Filice, Simone and Castellucci, Giuseppe and Basili, Roberto},
   SORTNAME = {Croce, Danilo and Filice, Simone and Castellucci, Giuseppe and Basili, Roberto},
   TITLE = {Deep Learning in Semantic Kernel Spaces}}
@INPROCEEDINGS{papers-741,
   AUTHOR = {Ustalov, Dmitry and Panchenko, Alexander and Biemann, Chris},
   SORTNAME = {Ustalov, Dmitry and Panchenko, Alexander and Biemann, Chris},
   TITLE = {Automatic Induction of Synsets from a Graph of Synonyms}}
@INPROCEEDINGS{papers-742,
   AUTHOR = {Zhang, Jiacheng and Liu, Yang and Luan, Huanbo and Xu, Jingfang and Sun, Maosong},
   SORTNAME = {Zhang, Jiacheng and Liu, Yang and Luan, Huanbo and Xu, Jingfang and Sun, Maosong},
   TITLE = {Prior Knowledge Integration for Neural Machine Translation using Posterior Regularization}}
@INPROCEEDINGS{papers-744,
   AUTHOR = {Andreas, Jacob and Dragan, Anca and Klein, Dan},
   SORTNAME = {Andreas, Jacob and Dragan, Anca and Klein, Dan},
   TITLE = {Translating Neuralese}}
@INPROCEEDINGS{papers-752,
   AUTHOR = {Konstas, Ioannis and Iyer, Srinivasan and Yatskar, Mark and Choi, Yejin and Zettlemoyer, Luke},
   SORTNAME = {Konstas, Ioannis and Iyer, Srinivasan and Yatskar, Mark and Choi, Yejin and Zettlemoyer, Luke},
   TITLE = {Neural AMR: Sequence-to-Sequence Models for Parsing and Generation}}
@INPROCEEDINGS{papers-759,
   AUTHOR = {Qin, Kechen and Wang, Lu and Kim, Joseph},
   SORTNAME = {Qin, Kechen and Wang, Lu and Kim, Joseph},
   TITLE = {Joint Modeling of Content and Discourse Relations in Dialogues}}
@INPROCEEDINGS{papers-760,
   AUTHOR = {Yu, Adams Wei and Lee, Hongrae and Le, Quoc},
   SORTNAME = {Yu, Adams Wei and Lee, Hongrae and Le, Quoc},
   TITLE = {Learning to Skim Text}}
@INPROCEEDINGS{papers-761,
   AUTHOR = {See, Abigail and Liu, Peter J. and Manning, Christopher D.},
   SORTNAME = {See, Abigail and Liu, Peter J. and Manning, Christopher D.},
   TITLE = {Get To The Point: Summarization with Pointer-Generator Networks}}
@INPROCEEDINGS{papers-763,
   AUTHOR = {Andrews, Nicholas and Dredze, Mark and Van Durme, Benjamin and Eisner, Jason},
   SORTNAME = {Andrews, Nicholas and Dredze, Mark and Van Durme, Benjamin and Eisner, Jason},
   TITLE = {Bayesian Modeling of Lexical Resources for Low-Resource Settings}}
@INPROCEEDINGS{papers-764,
   AUTHOR = {Iyyer, Mohit and Yih, Wen-tau and Chang, Ming-Wei},
   SORTNAME = {Iyyer, Mohit and Yih, Wen-tau and Chang, Ming-Wei},
   TITLE = {Search-based Neural Structured Learning for Sequential Question Answering}}
@INPROCEEDINGS{papers-769,
   AUTHOR = {He, He and Balakrishnan, Anusha and Eric, Mihail and Liang, Percy},
   SORTNAME = {He, He and Balakrishnan, Anusha and Eric, Mihail and Liang, Percy},
   TITLE = {Learning Symmetric Collaborative Dialogue Agents with Dynamic Knowledge Graph Embeddings}}
@INPROCEEDINGS{papers-771,
   AUTHOR = {Haponchyk, Iryna and Moschitti, Alessandro},
   SORTNAME = {Haponchyk, Iryna and Moschitti, Alessandro},
   TITLE = {Don't understand a measure? Learn it: Structured Prediction for Coreference Resolution optimizing its measures}}
@INPROCEEDINGS{papers-774,
   AUTHOR = {Guu, Kelvin and Pasupat, Panupong and Liu, Evan and Liang, Percy},
   SORTNAME = {Guu, Kelvin and Pasupat, Panupong and Liu, Evan and Liang, Percy},
   TITLE = {From Language to Programs: Bridging Reinforcement Learning and Maximum Marginal Likelihood}}
@INPROCEEDINGS{papers-777,
   AUTHOR = {Sasaki, Akira and Hanawa, Kazuaki and Okazaki, Naoaki and Inui, Kentaro},
   SORTNAME = {Sasaki, Akira and Hanawa, Kazuaki and Okazaki, Naoaki and Inui, Kentaro},
   TITLE = {Other Topics You May Also Agree or Disagree: Modeling Inter-Topic Preferences using Tweets and Matrix Factorization}}
@INPROCEEDINGS{papers-779,
   AUTHOR = {Chen, Yun and Liu, Yang and Cheng, Yong and Li, Victor O.K.},
   SORTNAME = {Chen, Yun and Liu, Yang and Cheng, Yong and Li, Victor O.K.},
   TITLE = {A Teacher-Student Framework for Zero-Resource Neural Machine Translation}}
@INPROCEEDINGS{papers-079,
   AUTHOR = {Xie, Qizhe and Ma, Xuezhe and Dai, Zihang and Hovy, Eduard},
   SORTNAME = {Xie, Qizhe and Ma, Xuezhe and Dai, Zihang and Hovy, Eduard},
   TITLE = {An Interpretable Knowledge Transfer Model for Knowledge Base Completion}}
@INPROCEEDINGS{papers-794,
   AUTHOR = {Kim, Young-Bum and Stratos, Karl and Kim, Dongchan},
   SORTNAME = {Kim, Young-Bum and Stratos, Karl and Kim, Dongchan},
   TITLE = {Domain Attention with an Ensemble of Experts}}
@INPROCEEDINGS{papers-798,
   AUTHOR = {Luo, Bingfeng and Feng, Yansong and Wang, Zheng and Zhu, Zhanxing and Huang, Songfang and Yan, Rui and Zhao, Dongyan},
   SORTNAME = {Luo, Bingfeng and Feng, Yansong and Wang, Zheng and Zhu, Zhanxing and Huang, Songfang and Yan, Rui and Zhao, Dongyan},
   TITLE = {Learning with Noise: Enhance Distantly Supervised Relation Extraction with Dynamic Transition Matrix}}
@INPROCEEDINGS{papers-799,
   AUTHOR = {Yli-Jyrä, Anssi and Gómez-Rodríguez, Carlos},
   SORTNAME = {Yli-Jyra, Anssi and Gomez-Rodriguez, Carlos},
   TITLE = {Generic Axiomatization of Families of Noncrossing Graphs in Dependency Parsing}}
@INPROCEEDINGS{papers-800,
   AUTHOR = {Stern, Mitchell and Andreas, Jacob and Klein, Dan},
   SORTNAME = {Stern, Mitchell and Andreas, Jacob and Klein, Dan},
   TITLE = {A Minimal Span-Based Neural Constituency Parser}}
@INPROCEEDINGS{papers-805,
   AUTHOR = {Mrabet, Yassine and Kilicoglu, Halil and Demner-Fushman, Dina},
   SORTNAME = {Mrabet, Yassine and Kilicoglu, Halil and Demner-Fushman, Dina},
   TITLE = {TextFlow: A Text Similarity Measure based on Continuous Sequences}}
@INPROCEEDINGS{papers-806,
   AUTHOR = {Lu, Jing and Ng, Vincent},
   SORTNAME = {Lu, Jing and Ng, Vincent},
   TITLE = {Joint Learning for Event Coreference Resolution}}
@INPROCEEDINGS{papers-818,
   AUTHOR = {Forbes, Maxwell and Choi, Yejin},
   SORTNAME = {Forbes, Maxwell and Choi, Yejin},
   TITLE = {Verb Physics: Relative Physical Knowledge of Actions and Objects}}
@INPROCEEDINGS{papers-822,
   AUTHOR = {Matsuzaki, Takuya and Ito, Takumi and Iwane, Hidenao and Anai, Hirokazu and H. Arai, Noriko},
   SORTNAME = {Matsuzaki, Takuya and Ito, Takumi and Iwane, Hidenao and Anai, Hirokazu and H. Arai, Noriko},
   TITLE = {Semantic Parsing of Pre-university Math Problems}}
@INPROCEEDINGS{papers-825,
   AUTHOR = {Srikumar, Vivek},
   SORTNAME = {Srikumar, Vivek},
   TITLE = {An Algebra for Feature Extraction}}
@INPROCEEDINGS{papers-086,
   AUTHOR = {Yin, Pengcheng and Neubig, Graham},
   SORTNAME = {Yin, Pengcheng and Neubig, Graham},
   TITLE = {A Syntactic Neural Model for General-Purpose Code Generation}}
@INPROCEEDINGS{papers-087,
   AUTHOR = {Florescu, Corina and Caragea, Cornelia},
   SORTNAME = {Florescu, Corina and Caragea, Cornelia},
   TITLE = {PositionRank: An Unsupervised Approach to Keyphrase Extraction from Scholarly Documents}}
@INPROCEEDINGS{papers-094,
   AUTHOR = {Fernández-González, Daniel and Gómez-Rodríguez, Carlos},
   SORTNAME = {Fernandez-Gonzalez, Daniel and Gomez-Rodriguez, Carlos},
   TITLE = {A Full Non-Monotonic Transition System for Unrestricted Non-Projective Parsing}}
@INPROCEEDINGS{papers-096,
   AUTHOR = {Peled, Lotem and Reichart, Roi},
   SORTNAME = {Peled, Lotem and Reichart, Roi},
   TITLE = {Sarcasm SIGN: Interpreting Sarcasm with Sentiment Based Monolingual Machine Translation}}
