@INPROCEEDINGS{nmt-010,
   AUTHOR = {Denkowski, Michael and Neubig, Graham},
   SORTNAME = {Denkowski, Michael and Neubig, Graham},
   TITLE = {Stronger Baselines for Trustable Results in Neural Machine Translation}}
@INPROCEEDINGS{nmt-011,
   AUTHOR = {Morishita, Makoto and Oda, Yusuke and Neubig, Graham and Yoshino, Koichiro and Sudoh, Katsuhito and Nakamura, Satoshi},
   SORTNAME = {Morishita, Makoto and Oda, Yusuke and Neubig, Graham and Yoshino, Koichiro and Sudoh, Katsuhito and Nakamura, Satoshi},
   TITLE = {An Empirical Study of Mini-Batch Creation Strategies for Neural Machine Translation}}
@INPROCEEDINGS{nmt-012,
   AUTHOR = {Chen, Boxing and Cherry, Colin and Foster, George and Larkin, Samuel},
   SORTNAME = {Chen, Boxing and Cherry, Colin and Foster, George and Larkin, Samuel},
   TITLE = {Cost Weighting for Neural Machine Translation Domain Adaptation}}
@INPROCEEDINGS{nmt-013,
   AUTHOR = {Goto, Isao and Tanaka, Hideki},
   SORTNAME = {Goto, Isao and Tanaka, Hideki},
   TITLE = {Detecting Untranslated Content for Neural Machine Translation}}
@INPROCEEDINGS{nmt-017,
   AUTHOR = {Freitag, Markus and Al-Onaizan, Yaser},
   SORTNAME = {Freitag, Markus and Al-Onaizan, Yaser},
   TITLE = {Beam Search Strategies for Neural Machine Translation}}
@INPROCEEDINGS{nmt-021,
   AUTHOR = {Koehn, Philipp and Knowles, Rebecca},
   SORTNAME = {Koehn, Philipp and Knowles, Rebecca},
   TITLE = {Six Challenges for Neural Machine Translation}}
@INPROCEEDINGS{nmt-022,
   AUTHOR = {Choudhary, Sajal and Srivastava, Prerna and Sedoc, Joao and Ungar, Lyle},
   SORTNAME = {Choudhary, Sajal and Srivastava, Prerna and Sedoc, Joao and Ungar, Lyle},
   TITLE = {Domain Aware Neural Dialogue System}}
@INPROCEEDINGS{nmt-023,
   AUTHOR = {Carpuat, Marine and Vyas, Yogarshi and Niu, Xing},
   SORTNAME = {Carpuat, Marine and Vyas, Yogarshi and Niu, Xing},
   TITLE = {Detecting Cross-Lingual Semantic Divergence for Neural Machine Translation}}
@INPROCEEDINGS{nmt-003,
   AUTHOR = {Niehues, Jan and Cho, Eunah and Ha, Thanh-Le and Waibel, Alex},
   SORTNAME = {Niehues, Jan and Cho, Eunah and Ha, Thanh-Le and Waibel, Alex},
   TITLE = {Analyzing Neural MT Search and Model Performance}}
@INPROCEEDINGS{nmt-004,
   AUTHOR = {Shu, Raphael and Nakayama, Hideki},
   SORTNAME = {Shu, Raphael and Nakayama, Hideki},
   TITLE = {An Empirical Study of Adequate Vision Span for Attention-Based Neural Machine Translation}}
@INPROCEEDINGS{nmt-007,
   AUTHOR = {Lee, Jaesong and Shin, JoongHwi and Kim, Jun-Seok},
   SORTNAME = {Lee, Jaesong and Shin, JoongHwi and Kim, Jun-Seok},
   TITLE = {Interactive Beam Search for Visualizing Neural Machine Translation (extended abstract)}}
@INPROCEEDINGS{nmt-008,
   AUTHOR = {Bastings, Joost and Titov, Ivan and Aziz, Wilker and Marcheggiani, Diego and Sima'an, Khalil},
   SORTNAME = {Bastings, Joost and Titov, Ivan and Aziz, Wilker and Marcheggiani, Diego and Sima'an, Khalil},
   TITLE = {Graph Convolutional Encoders for Syntax-aware Neural Machine Translation}}
