@INPROCEEDINGS{starSEM-102,
   AUTHOR = {Chen, Ao and Sun, Maosong},
   SORTNAME = {Chen, Ao and Sun, Maosong},
   TITLE = {Domain-Specific New Words Detection in Chinese}}
@INPROCEEDINGS{starSEM-018,
   AUTHOR = {Gilroy, Sorcha and Lopez, Adam and Maneth, Sebastian},
   SORTNAME = {Gilroy, Sorcha and Lopez, Adam and Maneth, Sebastian},
   TITLE = {Parsing Graphs with Regular Graph Grammars}}
@INPROCEEDINGS{starSEM-020,
   AUTHOR = {Sarioglu Kayi, Efsun and Diab, Mona and Pauselli, Luca and Compton, Michael and Coppersmith, Glen},
   SORTNAME = {Sarioglu Kayi, Efsun and Diab, Mona and Pauselli, Luca and Compton, Michael and Coppersmith, Glen},
   TITLE = {Predictive Linguistic Features of Schizophrenia}}
@INPROCEEDINGS{starSEM-021,
   AUTHOR = {Gupta, Abhijeet and Boleda, Gemma and Padó, Sebastian},
   SORTNAME = {Gupta, Abhijeet and Boleda, Gemma and Pado, Sebastian},
   TITLE = {Distributed Prediction of Relations for Entities: The Easy, The Difficult, and The Impossible}}
@INPROCEEDINGS{starSEM-027,
   AUTHOR = {Kiss, Tibor and Pelletier, Francis Jeffry and Husic, Halima and Poppek, Johanna},
   SORTNAME = {Kiss, Tibor and Pelletier, Francis Jeffry and Husic, Halima and Poppek, Johanna},
   TITLE = {Issues of Mass and Count: Dealing with `Dual-Life' Nouns}}
@INPROCEEDINGS{starSEM-028,
   AUTHOR = {Shutova, Ekaterina and Wundsam, Andreas and Yannakoudakis, Helen},
   SORTNAME = {Shutova, Ekaterina and Wundsam, Andreas and Yannakoudakis, Helen},
   TITLE = {Semantic Frames and Visual Scenes: Learning Semantic Role Inventories from Image and Video Descriptions}}
@INPROCEEDINGS{starSEM-003,
   AUTHOR = {Shwartz, Vered and Stanovsky, Gabriel and Dagan, Ido},
   SORTNAME = {Shwartz, Vered and Stanovsky, Gabriel and Dagan, Ido},
   TITLE = {Acquiring Predicate Paraphrases from News Tweets}}
@INPROCEEDINGS{starSEM-030,
   AUTHOR = {Mohammad, Saif and Bravo-Marquez, Felipe},
   SORTNAME = {Mohammad, Saif and Bravo-Marquez, Felipe},
   TITLE = {Emotion Intensities in Tweets}}
@INPROCEEDINGS{starSEM-032,
   AUTHOR = {Sachan, Mrinmaya and Xing, Eric},
   SORTNAME = {Sachan, Mrinmaya and Xing, Eric},
   TITLE = {Learning to Solve Geometry Problems from Natural Language Demonstrations in Textbooks}}
@INPROCEEDINGS{starSEM-034,
   AUTHOR = {Ostermann, Simon and Roth, Michael and Thater, Stefan and Pinkal, Manfred},
   SORTNAME = {Ostermann, Simon and Roth, Michael and Thater, Stefan and Pinkal, Manfred},
   TITLE = {Aligning Script Events with Narrative Texts}}
@INPROCEEDINGS{starSEM-035,
   AUTHOR = {Talmor, Alon and Geva, Mor and Berant, Jonathan},
   SORTNAME = {Talmor, Alon and Geva, Mor and Berant, Jonathan},
   TITLE = {Evaluating Semantic Parsing against a Simple Web-based Question Answering Model}}
@INPROCEEDINGS{starSEM-038,
   AUTHOR = {António Rodrigues, João and Saedi, Chakaveh and Maraev, Vladislav and Silva, João and Branco, António},
   SORTNAME = {Antonio Rodrigues, Joao and Saedi, Chakaveh and Maraev, Vladislav and Silva, Joao and Branco, Antonio},
   TITLE = {Ways of Asking and Replying in Duplicate Question Detection}}
@INPROCEEDINGS{starSEM-041,
   AUTHOR = {Becker, Maria and Staniek, Michael and Nastase, Vivi and Palmer, Alexis and Frank, Anette},
   SORTNAME = {Becker, Maria and Staniek, Michael and Nastase, Vivi and Palmer, Alexis and Frank, Anette},
   TITLE = {Classifying Semantic Clause Types: Modeling Context and Genre Characteristics with Recurrent Neural Networks and Attention}}
@INPROCEEDINGS{starSEM-044,
   AUTHOR = {Jauhar, Sujay Kumar and Hovy, Eduard},
   SORTNAME = {Jauhar, Sujay Kumar and Hovy, Eduard},
   TITLE = {Embedded Semantic Lexicon Induction with Joint Global and Local Optimization}}
@INPROCEEDINGS{starSEM-046,
   AUTHOR = {Medić, Zoran and Šnajder, Jan and Padó, Sebastian},
   SORTNAME = {Medic, Zoran and Snajder, Jan and Pado, Sebastian},
   TITLE = {Does Free Word Order Hurt? Assessing the Practical Lexical Function Model for Croatian}}
@INPROCEEDINGS{starSEM-005,
   AUTHOR = {Feng, Yukun and Yu, Dong and Xu, Jian and Liu, Chunhua},
   SORTNAME = {Feng, Yukun and Yu, Dong and Xu, Jian and Liu, Chunhua},
   TITLE = {Semantic Frame Labeling with Target-based Neural Model}}
@INPROCEEDINGS{starSEM-055,
   AUTHOR = {Chersoni, Emmanuele and Lenci, Alessandro and Blache, Philippe},
   SORTNAME = {Chersoni, Emmanuele and Lenci, Alessandro and Blache, Philippe},
   TITLE = {Logical Metonymy in a Distributional Model of Sentence Comprehension}}
@INPROCEEDINGS{starSEM-058,
   AUTHOR = {Nguyen, Dai Quoc and Nguyen, Dat Quoc and Modi, Ashutosh and Thater, Stefan and Pinkal, Manfred},
   SORTNAME = {Nguyen, Dai Quoc and Nguyen, Dat Quoc and Modi, Ashutosh and Thater, Stefan and Pinkal, Manfred},
   TITLE = {A Mixture Model for Learning Multi-Sense Word Embeddings}}
@INPROCEEDINGS{starSEM-060,
   AUTHOR = {Gharbieh, Waseem and Bhavsar, Virendrakumar and Cook, Paul},
   SORTNAME = {Gharbieh, Waseem and Bhavsar, Virendrakumar and Cook, Paul},
   TITLE = {Deep Learning Models For Multiword Expression Identification}}
@INPROCEEDINGS{starSEM-062,
   AUTHOR = {Rogers, Anna and Drozd, Aleksandr and Li, Bofang},
   SORTNAME = {Rogers, Anna and Drozd, Aleksandr and Li, Bofang},
   TITLE = {The (too Many) Problems of Analogical Reasoning with Word Vectors}}
@INPROCEEDINGS{starSEM-064,
   AUTHOR = {Hwang, Jena D. and Bhatia, Archna and Han, Na-Rae and O'Gorman, Tim and Srikumar, Vivek and Schneider, Nathan},
   SORTNAME = {Hwang, Jena D. and Bhatia, Archna and Han, Na-Rae and O'Gorman, Tim and Srikumar, Vivek and Schneider, Nathan},
   TITLE = {Double Trouble: The Problem of Construal in Semantic Annotation of Adpositions}}
@INPROCEEDINGS{starSEM-069,
   AUTHOR = {Cocos, Anne and Apidianaki, Marianna and Callison-Burch, Chris},
   SORTNAME = {Cocos, Anne and Apidianaki, Marianna and Callison-Burch, Chris},
   TITLE = {Mapping the Paraphrase Database to WordNet}}
@INPROCEEDINGS{starSEM-007,
   AUTHOR = {Eichler, Kathrin and Xu, Feiyu and Uszkoreit, Hans and Krause, Sebastian},
   SORTNAME = {Eichler, Kathrin and Xu, Feiyu and Uszkoreit, Hans and Krause, Sebastian},
   TITLE = {Generating Pattern-Based Entailment Graphs for Relation Extraction}}
@INPROCEEDINGS{starSEM-077,
   AUTHOR = {Ponti, Edoardo Maria and Vulić, Ivan and Korhonen, Anna},
   SORTNAME = {Ponti, Edoardo Maria and Vulic, Ivan and Korhonen, Anna},
   TITLE = {Decoding Sentiment from Distributed Representations of Sentences}}
@INPROCEEDINGS{starSEM-081,
   AUTHOR = {Maredia, Angel and Schechtman, Kara and Levitan, Sarah Ita and Hirschberg, Julia},
   SORTNAME = {Maredia, Angel and Schechtman, Kara and Levitan, Sarah Ita and Hirschberg, Julia},
   TITLE = {Comparing Approaches for Automatic Question Identification}}
@INPROCEEDINGS{starSEM-082,
   AUTHOR = {Ferraro, Francis and Poliak, Adam and Cotterell, Ryan and Van Durme, Benjamin},
   SORTNAME = {Ferraro, Francis and Poliak, Adam and Cotterell, Ryan and Van Durme, Benjamin},
   TITLE = {Frame-Based Continuous Lexical Semantics through Exponential Family Tensor Factorization and Semantic Proto-Roles}}
@INPROCEEDINGS{starSEM-009,
   AUTHOR = {Asghar, Nabiha and Poupart, Pascal and Jiang, Xin and Li, Hang},
   SORTNAME = {Asghar, Nabiha and Poupart, Pascal and Jiang, Xin and Li, Hang},
   TITLE = {Deep Active Learning for Dialogue Generation}}
@INPROCEEDINGS{starSEM-090,
   AUTHOR = {Vyas, Yogarshi and Carpuat, Marine},
   SORTNAME = {Vyas, Yogarshi and Carpuat, Marine},
   TITLE = {Detecting Asymmetric Semantic Relations in Context: A Case-Study on Hypernymy Detection}}
@INPROCEEDINGS{starSEM-091,
   AUTHOR = {Rajana, Sneha and Callison-Burch, Chris and Apidianaki, Marianna and Shwartz, Vered},
   SORTNAME = {Rajana, Sneha and Callison-Burch, Chris and Apidianaki, Marianna and Shwartz, Vered},
   TITLE = {Learning Antonyms with Paraphrases and a Morphology-Aware Neural Network}}
@INPROCEEDINGS{starSEM-098,
   AUTHOR = {Finley, Gregory and Farmer, Stephanie and Pakhomov, Serguei},
   SORTNAME = {Finley, Gregory and Farmer, Stephanie and Pakhomov, Serguei},
   TITLE = {What Analogies Reveal about Word Vectors and their Compositionality}}
