@INPROCEEDINGS{tutorial-001,
   TITLE = {Natural Language Processing for Precision Medicine},
   AUTHOR = {Poon, Hoifung and Quirk, Chris and Toutanova, Kristina and Yih, Wen-tau},
   SORTNAME = {Poon, Hoifung and Quirk, Chris and Toutanova, Kristina and Yih, Wen-tau}}
@INPROCEEDINGS{tutorial-002,
   TITLE = {Multimodal Machine Learning},
   AUTHOR = {Morency, Louis-Philippe and Baltrusaitis, Tadas},
   SORTNAME = {Morency, Louis-Philippe and Baltrusaitis, Tadas}}
@INPROCEEDINGS{tutorial-003,
   TITLE = {Deep Learning for Semantic Composition},
   AUTHOR = {Zhu, Xiaodan and Grefenstette, Edward},
   SORTNAME = {Zhu, Xiaodan and Grefenstette, Edward}}
@INPROCEEDINGS{tutorial-004,
   TITLE = {Deep Learning for Dialogue Systems},
   AUTHOR = {Chen, Yun-Nung and Celikyilmaz, Asli and Hakkani-Tur, Dilek},
   SORTNAME = {Chen, Yun-Nung and Celikyilmaz, Asli and Hakkani-Tur, Dilek}}
@INPROCEEDINGS{tutorial-005,
   TITLE = {Beyond Words: Deep Learning for Multi-word Expressions and Collocations},
   AUTHOR = {Kordoni, Valia},
   SORTNAME = {Kordoni, Valia}}
@INPROCEEDINGS{tutorial-006,
   TITLE = {Making Better Use of the Crowd},
   AUTHOR = {Vaughan, Jennifer Wortman},
   SORTNAME = {Vaughan, Jennifer Wortman}}
