@INPROCEEDINGS{conll-3-4602,
   AUTHOR = {Vilares, David and Gómez-Rodríguez, Carlos},
   SORTNAME = {Vilares, David and Gomez-Rodriguez, Carlos},
   TITLE = {A non-projective greedy dependency parser with bidirectional LSTMs}}
@INPROCEEDINGS{conll-3-4603,
   AUTHOR = {Heinecke, Johannes and Asadullah, Munshi},
   SORTNAME = {Heinecke, Johannes and Asadullah, Munshi},
   TITLE = {Multi-Model and Crosslingual Dependency Analysis}}
@INPROCEEDINGS{conll-3-4604,
   AUTHOR = {Nguyen, Dat Quoc and Dras, Mark and Johnson, Mark},
   SORTNAME = {Nguyen, Dat Quoc and Dras, Mark and Johnson, Mark},
   TITLE = {A Novel Neural Network Model for Joint POS Tagging and Graph-based Dependency Parsing}}
@INPROCEEDINGS{conll-3-4605,
   AUTHOR = {Das, Ayan and Zaffar, Affan and Sarkar, Sudeshna},
   SORTNAME = {Das, Ayan and Zaffar, Affan and Sarkar, Sudeshna},
   TITLE = {Delexicalized transfer parsing for low-resource languages using transformed and combined treebanks}}
@INPROCEEDINGS{conll-3-4606,
   AUTHOR = {Dumitrescu, Stefan Daniel and Boroș, Tiberiu and Tufiș, Dan},
   SORTNAME = {Dumitrescu, Stefan Daniel and Boros, Tiberiu and Tufis, Dan},
   TITLE = {RACAI's Natural Language Processing pipeline for Universal Dependencies}}
@INPROCEEDINGS{conll-3-4608,
   AUTHOR = {Vania, Clara and Zhang, Xingxing and Lopez, Adam},
   SORTNAME = {Vania, Clara and Zhang, Xingxing and Lopez, Adam},
   TITLE = {UParse: the Edinburgh system for the CoNLL 2017 UD shared task}}
@INPROCEEDINGS{conll-3-4609,
   AUTHOR = {Garcia, Marcos and Gamallo, Pablo},
   SORTNAME = {Garcia, Marcos and Gamallo, Pablo},
   TITLE = {A rule-based system for cross-lingual parsing of Romance languages with Universal Dependencies}}
@INPROCEEDINGS{conll-3-4610,
   AUTHOR = {de Lhoneux, Miryam and Shao, Yan and Basirat, Ali and Kiperwasser, Eliyahu and Stymne, Sara and Goldberg, Yoav and Nivre, Joakim},
   SORTNAME = {de Lhoneux, Miryam and Shao, Yan and Basirat, Ali and Kiperwasser, Eliyahu and Stymne, Sara and Goldberg, Yoav and Nivre, Joakim},
   TITLE = {From Raw Text to Universal Dependencies - Look, No Tags!}}
@INPROCEEDINGS{conll-3-4611,
   AUTHOR = {Aufrant, Lauriane and Wisniewski, Guillaume and Yvon, François},
   SORTNAME = {Aufrant, Lauriane and Wisniewski, Guillaume and Yvon, Francois},
   TITLE = {LIMSI\@CoNLL'17: UD Shared Task}}
@INPROCEEDINGS{conll-3-4612,
   AUTHOR = {Lim, KyungTae and Poibeau, Thierry},
   SORTNAME = {Lim, KyungTae and Poibeau, Thierry},
   TITLE = {A System for Multilingual Dependency Parsing based on Bidirectional LSTM Feature Representations}}
@INPROCEEDINGS{conll-3-4613,
   AUTHOR = {Kırnap, Ömer and Önder, Berkay Furkan and Yuret, Deniz},
   SORTNAME = {Kırnap, Omer and Onder, Berkay Furkan and Yuret, Deniz},
   TITLE = {Parsing with Context Embeddings}}
@INPROCEEDINGS{conll-3-4614,
   AUTHOR = {Moor, Christophe and Merlo, Paola and Henderson, James and Wang, Haozhou},
   SORTNAME = {Moor, Christophe and Merlo, Paola and Henderson, James and Wang, Haozhou},
   TITLE = {CLCL (Geneva) DINN Parser: a Neural Network Dependency Parser Ten Years Later}}
@INPROCEEDINGS{conll-3-4615,
   AUTHOR = {Qian, Xian and Liu, Yang},
   SORTNAME = {Qian, Xian and Liu, Yang},
   TITLE = {A non-DNN Feature Engineering Approach to Dependency Parsing --- FBAML at CoNLL 2017 Shared Task}}
@INPROCEEDINGS{conll-3-4616,
   AUTHOR = {Kanerva, Jenna and Luotolahti, Juhani and Ginter, Filip},
   SORTNAME = {Kanerva, Jenna and Luotolahti, Juhani and Ginter, Filip},
   TITLE = {TurkuNLP: Delexicalized Pre-training of Word Embeddings for Dependency Parsing}}
@INPROCEEDINGS{conll-3-4617,
   AUTHOR = {Björkelund, Anders and Falenska, Agnieszka and Yu, Xiang and Kuhn, Jonas},
   SORTNAME = {Bjorkelund, Anders and Falenska, Agnieszka and Yu, Xiang and Kuhn, Jonas},
   TITLE = {IMS at the CoNLL 2017 UD Shared Task: CRFs and Perceptrons Meet Neural Networks}}
@INPROCEEDINGS{conll-3-4618,
   AUTHOR = {Che, Wanxiang and Guo, Jiang and Wang, Yuxuan and Zheng, Bo and Zhao, Huaipeng and Liu, Yang and Teng, Dechuan and Liu, Ting},
   SORTNAME = {Che, Wanxiang and Guo, Jiang and Wang, Yuxuan and Zheng, Bo and Zhao, Huaipeng and Liu, Yang and Teng, Dechuan and Liu, Ting},
   TITLE = {The HIT-SCIR System for End-to-End Parsing of Universal Dependencies}}
@INPROCEEDINGS{conll-3-4619,
   AUTHOR = {Yu, Kuan and Sofroniev, Pavel and Schill, Erik and Hinrichs, Erhard},
   SORTNAME = {Yu, Kuan and Sofroniev, Pavel and Schill, Erik and Hinrichs, Erhard},
   TITLE = {The parse is darc and full of errors: Universal dependency parsing with transition-based and graph-based algorithms}}
@INPROCEEDINGS{conll-3-4620,
   AUTHOR = {De La Clergerie, Eric and Sagot, Benoît and Seddah, Djamé},
   SORTNAME = {De La Clergerie, Eric and Sagot, Benoit and Seddah, Djame},
   TITLE = {The ParisNLP entry at the ConLL UD Shared Task 2017: A Tale of a \#ParsingTragedy}}
@INPROCEEDINGS{conll-3-4621,
   AUTHOR = {Shi, Tianze and Wu, Felix G. and Chen, Xilun and Cheng, Yao},
   SORTNAME = {Shi, Tianze and Wu, Felix G. and Chen, Xilun and Cheng, Yao},
   TITLE = {Combining Global Models for Parsing Universal Dependencies}}
@INPROCEEDINGS{conll-3-4622,
   AUTHOR = {Dozat, Timothy and Qi, Peng and Manning, Christopher D.},
   SORTNAME = {Dozat, Timothy and Qi, Peng and Manning, Christopher D.},
   TITLE = {Stanford's Graph-based Neural Dependency Parser at the CoNLL 2017 Shared Task}}
@INPROCEEDINGS{conll-3-4624,
   AUTHOR = {More, Amir and Tsarfaty, Reut},
   SORTNAME = {More, Amir and Tsarfaty, Reut},
   TITLE = {Universal Joint Morph-Syntactic Processing: The Open University of Israel's Submission to The CoNLL 2017 Shared Task}}
@INPROCEEDINGS{conll-3-4625,
   AUTHOR = {Sato, Motoki and Manabe, Hitoshi and Noji, Hiroshi and Matsumoto, Yuji},
   SORTNAME = {Sato, Motoki and Manabe, Hitoshi and Noji, Hiroshi and Matsumoto, Yuji},
   TITLE = {Adversarial Training for Cross-Domain Universal Dependency Parsing}}
@INPROCEEDINGS{conll-3-4626,
   AUTHOR = {Wang, Hao and Zhao, Hai and Zhang, Zhisong},
   SORTNAME = {Wang, Hao and Zhao, Hai and Zhang, Zhisong},
   TITLE = {A Transition-based System for Universal Dependency Parsing}}
@INPROCEEDINGS{conll-3-4627,
   AUTHOR = {Akkuş, Burak Kerim and Azizoglu, Heval and Cakici, Ruket},
   SORTNAME = {Akkus, Burak Kerim and Azizoglu, Heval and Cakici, Ruket},
   TITLE = {Initial Explorations of CCG Supertagging for Universal Dependency Parsing}}
@INPROCEEDINGS{conll-3-4628,
   AUTHOR = {Kanayama, Hiroshi and Muraoka, Masayasu and Yoshikawa, Katsumasa},
   SORTNAME = {Kanayama, Hiroshi and Muraoka, Masayasu and Yoshikawa, Katsumasa},
   TITLE = {A Semi-universal Pipelined Approach to the CoNLL 2017 UD Shared Task}}
@INPROCEEDINGS{conll-3-4629,
   AUTHOR = {Straka, Milan and Straková, Jana},
   SORTNAME = {Straka, Milan and Strakova, Jana},
   TITLE = {Tokenizing, POS Tagging, Lemmatizing and Parsing UD 2.0 with UDPipe}}
@INPROCEEDINGS{conll-3-4631,
   AUTHOR = {Ji, Tao and Wu, Yuanbin and Lan, Man},
   SORTNAME = {Ji, Tao and Wu, Yuanbin and Lan, Man},
   TITLE = {A Fast and Lightweight System for Multilingual Dependency Parsing}}
@INPROCEEDINGS{conll-3-4632,
   AUTHOR = {Hornby, Ryan and Taylor, Clark and Park, Jungyeul},
   SORTNAME = {Hornby, Ryan and Taylor, Clark and Park, Jungyeul},
   TITLE = {Corpus Selection Approaches for Multilingual Parsing from Raw Text to Universal Dependencies}}
@INPROCEEDINGS{conll-3-4633,
   AUTHOR = {Zeman, Daniel and Popel, Martin and Straka, Milan and Hajic, Jan and Nivre, Joakim and Ginter, Filip and Luotolahti, Juhani and Pyysalo, Sampo and Petrov, Slav and Potthast, Martin and Tyers, Francis and Badmaeva, Elena and Gokirmak, Memduh and Nedoluzhko, Anna and Cinkova, Silvie and Hajic jr., Jan and Hlavacova, Jaroslava and Kettnerová, Václava and Uresova, Zdenka and Kanerva, Jenna and Ojala, Stina and Missilä, Anna and Manning, Christopher D. and Schuster, Sebastian and Reddy, Siva and Taji, Dima and Habash, Nizar and Leung, Herman and de Marneffe, Marie-Catherine and Sanguinetti, Manuela and Simi, Maria and Kanayama, Hiroshi and dePaiva, Valeria and Droganova, Kira and Martínez Alonso, Héctor and Çöltekin, Çağrı and Sulubacak, Umut and Uszkoreit, Hans and Macketanz, Vivien and Burchardt, Aljoscha and Harris, Kim and Marheinecke, Katrin and Rehm, Georg and Kayadelen, Tolga and Attia, Mohammed and Elkahky, Ali and Yu, Zhuoran and Pitler, Emily and Lertpradit, Saran and Mandl, Michael and Kirchner, Jesse and Alcalde, Hector Fernandez and Strnadová, Jana and Banerjee, Esha and Manurung, Ruli and Stella, Antonio and Shimada, Atsuko and Kwak, Sookyoung and Mendonca, Gustavo and Lando, Tatiana and Nitisaroj, Rattima and Li, Josie},
   SORTNAME = {Zeman, Daniel and Popel, Martin and Straka, Milan and Hajic, Jan and Nivre, Joakim and Ginter, Filip and Luotolahti, Juhani and Pyysalo, Sampo and Petrov, Slav and Potthast, Martin and Tyers, Francis and Badmaeva, Elena and Gokirmak, Memduh and Nedoluzhko, Anna and Cinkova, Silvie and Hajic jr., Jan and Hlavacova, Jaroslava and Kettnerova, Vaclava and Uresova, Zdenka and Kanerva, Jenna and Ojala, Stina and Missila, Anna and Manning, Christopher D. and Schuster, Sebastian and Reddy, Siva and Taji, Dima and Habash, Nizar and Leung, Herman and de Marneffe, Marie-Catherine and Sanguinetti, Manuela and Simi, Maria and Kanayama, Hiroshi and dePaiva, Valeria and Droganova, Kira and Martinez Alonso, Hector and Coltekin, Cagrı and Sulubacak, Umut and Uszkoreit, Hans and Macketanz, Vivien and Burchardt, Aljoscha and Harris, Kim and Marheinecke, Katrin and Rehm, Georg and Kayadelen, Tolga and Attia, Mohammed and Elkahky, Ali and Yu, Zhuoran and Pitler, Emily and Lertpradit, Saran and Mandl, Michael and Kirchner, Jesse and Alcalde, Hector Fernandez and Strnadova, Jana and Banerjee, Esha and Manurung, Ruli and Stella, Antonio and Shimada, Atsuko and Kwak, Sookyoung and Mendonca, Gustavo and Lando, Tatiana and Nitisaroj, Rattima and Li, Josie},
   TITLE = {CoNLL 2017 Shared Task: Multilingual Parsing from Raw Text to Universal Dependencies}}
