@INPROCEEDINGS{semeval-001,
   AUTHOR = {Pedersen, Ted},
   SORTNAME = {Pedersen, Ted},
   TITLE = {Duluth at SemEval-2017 Task 7 : Puns Upon a Midnight Dreary, Lexical Semantics for the Weak and Weary}}
@INPROCEEDINGS{semeval-010,
   AUTHOR = {He, Junqing and Wu, Long and Zhao, Xuemin and Yan, Yonghong},
   SORTNAME = {He, Junqing and Wu, Long and Zhao, Xuemin and Yan, Yonghong},
   TITLE = {HCCL at SemEval-2017 Task 2: Combining Multilingual Word Embeddings and Transliteration Model for Semantic Similarity}}
@INPROCEEDINGS{semeval-100,
   AUTHOR = {Balikas, Georgios},
   SORTNAME = {Balikas, Georgios},
   TITLE = {TwiSe at SemEval-2017 Task 4: Five-point Twitter Sentiment Classification and Quantification}}
@INPROCEEDINGS{semeval-101,
   AUTHOR = {van Noord, Rik and Bos, Johan},
   SORTNAME = {van Noord, Rik and Bos, Johan},
   TITLE = {The Meaning Factory at SemEval-2017 Task 9: Producing AMRs with Neural Semantic Parsing}}
@INPROCEEDINGS{semeval-102,
   AUTHOR = {Jimenez, Sergio and Dueñas, George and Gaitan, Lorena and Segura, Jorge},
   SORTNAME = {Jimenez, Sergio and Duenas, George and Gaitan, Lorena and Segura, Jorge},
   TITLE = {RUFINO at SemEval-2017 Task 2: Cross-lingual lexical similarity by extending PMI and word embeddings systems with a Swadesh's-like list}}
@INPROCEEDINGS{semeval-103,
   AUTHOR = {Moore, Andrew and Rayson, Paul},
   SORTNAME = {Moore, Andrew and Rayson, Paul},
   TITLE = {Lancaster A at SemEval-2017 Task 5: Evaluation metrics matter: predicting sentiment from financial news headlines}}
@INPROCEEDINGS{semeval-105,
   AUTHOR = {Rouvier, Mickael},
   SORTNAME = {Rouvier, Mickael},
   TITLE = {LIA at SemEval-2017 Task 4: An Ensemble of Neural Networks for Sentiment Classification}}
@INPROCEEDINGS{semeval-106,
   AUTHOR = {Deriu, Jan Milan and Cieliebak, Mark},
   SORTNAME = {Deriu, Jan Milan and Cieliebak, Mark},
   TITLE = {SwissAlps at SemEval-2017 Task 3: Attention-based Convolutional Neural Network for Community Question Answering}}
@INPROCEEDINGS{semeval-107,
   AUTHOR = {Duma, Mirela-Stefania and Menzel, Wolfgang},
   SORTNAME = {Duma, Mirela-Stefania and Menzel, Wolfgang},
   TITLE = {SEF\@UHH at SemEval-2017 Task 1: Unsupervised Knowledge-Free Semantic Textual Similarity via Paragraph Vector}}
@INPROCEEDINGS{semeval-108,
   AUTHOR = {Müller, Simon and Huonder, Tobias and Deriu, Jan and Cieliebak, Mark},
   SORTNAME = {Muller, Simon and Huonder, Tobias and Deriu, Jan and Cieliebak, Mark},
   TITLE = {TopicThunder at SemEval-2017 Task 4: Sentiment Classification Using a Convolutional Neural Network with Distant Supervision}}
@INPROCEEDINGS{semeval-109,
   AUTHOR = {Kern, Roman and Falk, Stefan and Rexha, Andi},
   SORTNAME = {Kern, Roman and Falk, Stefan and Rexha, Andi},
   TITLE = {Know-Center at SemEval-2017 Task 10: Sequence Classification with the CODE Annotator}}
@INPROCEEDINGS{semeval-011,
   AUTHOR = {P R, Sarath and R, Manikandan and Niwa, Yoshiki},
   SORTNAME = {P R, Sarath and R, Manikandan and Niwa, Yoshiki},
   TITLE = {Hitachi at SemEval-2017 Task 12: System for temporal information extraction from clinical notes}}
@INPROCEEDINGS{semeval-110,
   AUTHOR = {Miranda-Jiménez, Sabino and Graff, Mario and Tellez, Eric Sadit and Moctezuma, Daniela},
   SORTNAME = {Miranda-Jimenez, Sabino and Graff, Mario and Tellez, Eric Sadit and Moctezuma, Daniela},
   TITLE = {INGEOTEC at SemEval 2017 Task 4: A B4MSA Ensemble based on Genetic Programming for Twitter Sentiment Analysis}}
@INPROCEEDINGS{semeval-111,
   AUTHOR = {Vadehra, Ankit},
   SORTNAME = {Vadehra, Ankit},
   TITLE = {UWAV at SemEval-2017 Task 7: Automated feature-based system for locating puns}}
@INPROCEEDINGS{semeval-113,
   AUTHOR = {Doogan, Samuel and Ghosh, Aniruddha and Chen, Hanyang and Veale, Tony},
   SORTNAME = {Doogan, Samuel and Ghosh, Aniruddha and Chen, Hanyang and Veale, Tony},
   TITLE = {Idiom Savant at Semeval-2017 Task 7: Detection and Interpretation of English Puns}}
@INPROCEEDINGS{semeval-114,
   AUTHOR = {Mensa, Enrico and Radicioni, Daniele P. and Lieto, Antonio},
   SORTNAME = {Mensa, Enrico and Radicioni, Daniele P. and Lieto, Antonio},
   TITLE = {MERALI at SemEval-2017 Task 2 Subtask 1: a Cognitively Inspired approach}}
@INPROCEEDINGS{semeval-115,
   AUTHOR = {Li, Quanzhi and Shah, Sameena and Nourbakhsh, Armineh and Fang, Rui and Liu, Xiaomo},
   SORTNAME = {Li, Quanzhi and Shah, Sameena and Nourbakhsh, Armineh and Fang, Rui and Liu, Xiaomo},
   TITLE = {funSentiment at SemEval-2017 Task 5: Fine-Grained Sentiment Analysis on Financial Microblogs  Using Word  Vectors Built from StockTwits and Twitter}}
@INPROCEEDINGS{semeval-116,
   AUTHOR = {Tabari, Narges and Seyeditabari, Armin and Zadrozny, Wlodek},
   SORTNAME = {Tabari, Narges and Seyeditabari, Armin and Zadrozny, Wlodek},
   TITLE = {SentiHeros at SemEval-2017 Task 5: An application of Sentiment Analysis on Financial Tweets}}
@INPROCEEDINGS{semeval-117,
   AUTHOR = {Tourille, Julien and Ferret, Olivier and Tannier, Xavier and Névéol, Aurélie},
   SORTNAME = {Tourille, Julien and Ferret, Olivier and Tannier, Xavier and Neveol, Aurelie},
   TITLE = {LIMSI-COT at SemEval-2017 Task 12: Neural Architecture for Temporal Information Extraction from Clinical Narratives}}
@INPROCEEDINGS{semeval-118,
   AUTHOR = {Baziotis, Christos and Pelekis, Nikos and Doulkeridis, Christos},
   SORTNAME = {Baziotis, Christos and Pelekis, Nikos and Doulkeridis, Christos},
   TITLE = {DataStories at SemEval-2017 Task 6: Siamese LSTM with Attention for Humorous Text Comparison}}
@INPROCEEDINGS{semeval-119,
   AUTHOR = {Ayata, Deger and Saraclar, Murat and Ozgur, Arzucan},
   SORTNAME = {Ayata, Deger and Saraclar, Murat and Ozgur, Arzucan},
   TITLE = {BUSEM at SemEval-2017 Task 4A Sentiment Analysis with Word Embedding and Long Short Term Memory RNN Approaches}}
@INPROCEEDINGS{semeval-012,
   AUTHOR = {Yang, Tzu-Hsuan and Tseng, Tzu-Hsuan and Chen, Chia-Ping},
   SORTNAME = {Yang, Tzu-Hsuan and Tseng, Tzu-Hsuan and Chen, Chia-Ping},
   TITLE = {deepSA at SemEval-2017 Task 4: Interpolated Deep Neural Networks for Sentiment Analysis in Twitter}}
@INPROCEEDINGS{semeval-120,
   AUTHOR = {Lozić, David and Šarić, Doria and Tokić, Ivan and Medić, Zoran and Šnajder, Jan},
   SORTNAME = {Lozic, David and Saric, Doria and Tokic, Ivan and Medic, Zoran and Snajder, Jan},
   TITLE = {TakeLab at SemEval-2017 Task 4: Recent Deaths and the Power of Nostalgia in Sentiment Analysis in Twitter}}
@INPROCEEDINGS{semeval-121,
   AUTHOR = {Lampouras, Gerasimos and Vlachos, Andreas},
   SORTNAME = {Lampouras, Gerasimos and Vlachos, Andreas},
   TITLE = {Sheffield at SemEval-2017 Task 9: Transition-based language generation from AMR.}}
@INPROCEEDINGS{semeval-122,
   AUTHOR = {Kukovačec, Marin and Malenica, Juraj and Mršić, Ivan and Šajatović, Antonio and Alagić, Domagoj and Šnajder, Jan},
   SORTNAME = {Kukovacec, Marin and Malenica, Juraj and Mrsic, Ivan and Sajatovic, Antonio and Alagic, Domagoj and Snajder, Jan},
   TITLE = {TakeLab at SemEval-2017 Task 6: \#RankingHumorIn4Pages}}
@INPROCEEDINGS{semeval-123,
   AUTHOR = {Speer, Robert and Lowry-Duda, Joanna},
   SORTNAME = {Speer, Robert and Lowry-Duda, Joanna},
   TITLE = {ConceptNet at SemEval-2017 Task 2: Extending Word Embeddings with Multilingual Relational Knowledge}}
@INPROCEEDINGS{semeval-124,
   AUTHOR = {Barik, Biswanath and Marsi, Erwin},
   SORTNAME = {Barik, Biswanath and Marsi, Erwin},
   TITLE = {NTNU-2 at SemEval-2017 Task 10: Identifying Synonym and Hyponym Relations among Keyphrases in Scientific Documents}}
@INPROCEEDINGS{semeval-125,
   AUTHOR = {QasemiZadeh, Behrang and Kallmeyer, Laura},
   SORTNAME = {QasemiZadeh, Behrang and Kallmeyer, Laura},
   TITLE = {HHU at SemEval-2017 Task 2: Fast Hash-Based Embeddings for Semantic Word Similarity Assessment}}
@INPROCEEDINGS{semeval-126,
   AUTHOR = {Šaina, Filip and Kukurin, Toni and Puljić, Lukrecija and Karan, Mladen and Šnajder, Jan},
   SORTNAME = {Saina, Filip and Kukurin, Toni and Puljic, Lukrecija and Karan, Mladen and Snajder, Jan},
   TITLE = {TakeLab-QA at SemEval-2017 Task 3: Classification Experiments for Answer Retrieval in Community QA}}
@INPROCEEDINGS{semeval-127,
   AUTHOR = {Kohail, Sarah and Salama, Amr Rekaby and Biemann, Chris},
   SORTNAME = {Kohail, Sarah and Salama, Amr Rekaby and Biemann, Chris},
   TITLE = {STS-UHH at SemEval-2017 Task 1: Scoring Semantic Textual Similarity Using Supervised and Unsupervised Ensemble}}
@INPROCEEDINGS{semeval-128,
   AUTHOR = {MacAvaney, Sean and Cohan, Arman and Goharian, Nazli},
   SORTNAME = {MacAvaney, Sean and Cohan, Arman and Goharian, Nazli},
   TITLE = {GUIR at SemEval-2017 Task 12: A Framework for Cross-Domain Clinical Temporal Information Extraction}}
@INPROCEEDINGS{semeval-129,
   AUTHOR = {Symeonidis, Symeon and Kordonis, John and Effrosynidis, Dimitrios and Arampatzis, Avi},
   SORTNAME = {Symeonidis, Symeon and Kordonis, John and Effrosynidis, Dimitrios and Arampatzis, Avi},
   TITLE = {DUTH at SemEval-2017 Task 5: Sentiment Predictability in Financial Microblogging and News Articles}}
@INPROCEEDINGS{semeval-013,
   AUTHOR = {Yin, Yichun and Song, Yangqiu and Zhang, Ming},
   SORTNAME = {Yin, Yichun and Song, Yangqiu and Zhang, Ming},
   TITLE = {NNEMBs at SemEval-2017 Task 4: Neural Twitter Sentiment Classification: a Simple Ensemble Method with Different Embeddings}}
@INPROCEEDINGS{semeval-130,
   AUTHOR = {Rotim, Leon and Tutek, Martin and Šnajder, Jan},
   SORTNAME = {Rotim, Leon and Tutek, Martin and Snajder, Jan},
   TITLE = {TakeLab at SemEval-2017 Task 5: Linear aggregation of word embeddings for fine-grained sentiment analysis of financial news}}
@INPROCEEDINGS{semeval-132,
   AUTHOR = {Enayet, Omar and El-Beltagy, Samhaa R.},
   SORTNAME = {Enayet, Omar and El-Beltagy, Samhaa R.},
   TITLE = {NileTMRG at SemEval-2017 Task 8: Determining Rumour and Veracity Support for Rumours on Twitter.}}
@INPROCEEDINGS{semeval-133,
   AUTHOR = {Suárez-Paniagua, Víctor and Segura-Bedmar, Isabel and Martínez, Paloma},
   SORTNAME = {Suarez-Paniagua, Victor and Segura-Bedmar, Isabel and Martinez, Paloma},
   TITLE = {LABDA at SemEval-2017 Task 10: Relation Classification between keyphrases via Convolutional Neural Network}}
@INPROCEEDINGS{semeval-134,
   AUTHOR = {El-Beltagy, Samhaa R. and El kalamawy, Mona and Soliman, Abu Bakr},
   SORTNAME = {El-Beltagy, Samhaa R. and El kalamawy, Mona and Soliman, Abu Bakr},
   TITLE = {NileTMRG at SemEval-2017 Task 4: Arabic Sentiment Analysis}}
@INPROCEEDINGS{semeval-135,
   AUTHOR = {Barrow, Joe and Peskov, Denis},
   SORTNAME = {Barrow, Joe and Peskov, Denis},
   TITLE = {UMDeep at SemEval-2017 Task 1: End-to-End Shared Weight LSTM Model for Semantic Textual Similarity}}
@INPROCEEDINGS{semeval-137,
   AUTHOR = {Prasad, Animesh and Kan, Min-Yen},
   SORTNAME = {Prasad, Animesh and Kan, Min-Yen},
   TITLE = {WING-NUS at SemEval-2017 Task 10: Keyphrase Extraction and Classification as Joint Sequence Labeling}}
@INPROCEEDINGS{semeval-138,
   AUTHOR = {John, Vineet and Vechtomova, Olga},
   SORTNAME = {John, Vineet and Vechtomova, Olga},
   TITLE = {UW-FinSent at SemEval-2017 Task 5: Sentiment Analysis on Financial News Headlines using Training Dataset Augmentation}}
@INPROCEEDINGS{semeval-139,
   AUTHOR = {Kochkina, Elena and Liakata, Maria and Augenstein, Isabelle},
   SORTNAME = {Kochkina, Elena and Liakata, Maria and Augenstein, Isabelle},
   TITLE = {Turing at SemEval-2017 Task 8: Sequential Approach to Rumour Stance Classification with Branch-LSTM}}
@INPROCEEDINGS{semeval-014,
   AUTHOR = {Wang, Liang and Li, Sujian},
   SORTNAME = {Wang, Liang and Li, Sujian},
   TITLE = {PKU\_ICL at SemEval-2017 Task 10: Keyphrase Extraction with Model Ensemble and External Knowledge}}
@INPROCEEDINGS{semeval-141,
   AUTHOR = {García Lozano, Marianela and Lilja, Hanna and Tjörnhammar, Edward and Karasalo, Maja},
   SORTNAME = {Garcia Lozano, Marianela and Lilja, Hanna and Tjornhammar, Edward and Karasalo, Maja},
   TITLE = {Mama Edha at SemEval-2017 Task 8: Stance Classification with CNN and Rules}}
@INPROCEEDINGS{semeval-142,
   AUTHOR = {Zhang, Haowei and Wang, Jin and Zhang, Jixian and Zhang, Xuejie},
   SORTNAME = {Zhang, Haowei and Wang, Jin and Zhang, Jixian and Zhang, Xuejie},
   TITLE = {YNU-HPCC at SemEval 2017 Task 4: Using A Multi-Channel CNN-LSTM Model for Sentiment Classification}}
@INPROCEEDINGS{semeval-143,
   AUTHOR = {Henderson, John and Merkhofer, Elizabeth and Strickhart, Laura and Zarrella, Guido},
   SORTNAME = {Henderson, John and Merkhofer, Elizabeth and Strickhart, Laura and Zarrella, Guido},
   TITLE = {MITRE at SemEval-2017 Task 1: Simple Semantic Similarity}}
@INPROCEEDINGS{semeval-144,
   AUTHOR = {Kar, Sudipta and Maharjan, Suraj and Solorio, Thamar},
   SORTNAME = {Kar, Sudipta and Maharjan, Suraj and Solorio, Thamar},
   TITLE = {RiTUAL-UH at SemEval-2017 Task 5: Sentiment Analysis on Financial Data Using Neural Networks}}
@INPROCEEDINGS{semeval-145,
   AUTHOR = {Almarwani, Nada and Diab, Mona},
   SORTNAME = {Almarwani, Nada and Diab, Mona},
   TITLE = {GW\_QA at SemEval-2017 Task 3: Question Answer Re-ranking on Arabic Fora}}
@INPROCEEDINGS{semeval-146,
   AUTHOR = {Ben Abacha, Asma and Demner-Fushman, Dina},
   SORTNAME = {Ben Abacha, Asma and Demner-Fushman, Dina},
   TITLE = {NLM\_NIH at SemEval-2017 Task 3: from Question Entailment to Question Similarity for Community Question Answering}}
@INPROCEEDINGS{semeval-147,
   AUTHOR = {Deshmane, Amit Ajit and Friedrichs, Jasper},
   SORTNAME = {Deshmane, Amit Ajit and Friedrichs, Jasper},
   TITLE = {TSA-INF at SemEval-2017 Task 4: An Ensemble of Deep Learning Architectures Including Lexicon Features for Twitter Sentiment Analysis}}
@INPROCEEDINGS{semeval-148,
   AUTHOR = {Srivastava, Ankit and Rehm, Georg and Moreno Schneider, Julian},
   SORTNAME = {Srivastava, Ankit and Rehm, Georg and Moreno Schneider, Julian},
   TITLE = {DFKI-DKT at SemEval-2017 Task 8: Rumour Detection and Classification using Cascading Heuristics}}
@INPROCEEDINGS{semeval-149,
   AUTHOR = {Cattle, Andrew and Ma, Xiaojuan},
   SORTNAME = {Cattle, Andrew and Ma, Xiaojuan},
   TITLE = {SRHR at SemEval-2017 Task 6: Word Associations for Humour Recognition}}
@INPROCEEDINGS{semeval-015,
   AUTHOR = {Gupta, Raj Kumar and Yang, Yinping},
   SORTNAME = {Gupta, Raj Kumar and Yang, Yinping},
   TITLE = {CrystalNest at SemEval-2017 Task 4: Using Sarcasm Detection for Enhancing Sentiment Classification and Quantification}}
@INPROCEEDINGS{semeval-150,
   AUTHOR = {Lee, Ji Young and Dernoncourt, Franck and Szolovits, Peter},
   SORTNAME = {Lee, Ji Young and Dernoncourt, Franck and Szolovits, Peter},
   TITLE = {MIT at SemEval-2017 Task 10: Relation Extraction with Convolutional Neural Networks}}
@INPROCEEDINGS{semeval-151,
   AUTHOR = {Tian, Junfeng and Zhou, Zhiheng and Lan, Man and Wu, Yuanbin},
   SORTNAME = {Tian, Junfeng and Zhou, Zhiheng and Lan, Man and Wu, Yuanbin},
   TITLE = {ECNU at SemEval-2017 Task 1: Leverage Kernel-based Traditional NLP features and Neural Networks to Build a Universal Model for Multilingual and Cross-lingual Semantic Textual Similarity}}
@INPROCEEDINGS{semeval-152,
   AUTHOR = {Donahue, David and Romanov, Alexey and Rumshisky, Anna},
   SORTNAME = {Donahue, David and Romanov, Alexey and Rumshisky, Anna},
   TITLE = {HumorHawk at SemEval-2017 Task 6: Mixing Meaning and Sound for Humor Recognition}}
@INPROCEEDINGS{semeval-153,
   AUTHOR = {Tsujimura, Tomoki and Miwa, Makoto and Sasaki, Yutaka},
   SORTNAME = {Tsujimura, Tomoki and Miwa, Makoto and Sasaki, Yutaka},
   TITLE = {TTI-COIN at SemEval-2017 Task 10: Investigating Embeddings for End-to-End Relation Extraction from Scientific Papers}}
@INPROCEEDINGS{semeval-154,
   AUTHOR = {Abreu, José and Castro, Iván and Martínez, Claudia and Oliva, Sebastián and Gutiérrez, Yoan},
   SORTNAME = {Abreu, Jose and Castro, Ivan and Martinez, Claudia and Oliva, Sebastian and Gutierrez, Yoan},
   TITLE = {UCSC-NLP at SemEval-2017 Task 4: Sense n-grams for Sentiment Analysis in Twitter}}
@INPROCEEDINGS{semeval-155,
   AUTHOR = {Schouten, Kim and Frasincar, Flavius and de Jong, Franciska},
   SORTNAME = {Schouten, Kim and Frasincar, Flavius and de Jong, Franciska},
   TITLE = {COMMIT at SemEval-2017 Task 5: Ontology-based Method for Sentiment Analysis of Financial Headlines}}
@INPROCEEDINGS{semeval-156,
   AUTHOR = {Leeuwenberg, Artuur and Moens, Marie-Francine},
   SORTNAME = {Leeuwenberg, Artuur and Moens, Marie-Francine},
   TITLE = {KULeuven-LIIR at SemEval-2017 Task 12: Cross-Domain Temporal Information Extraction from Clinical Records}}
@INPROCEEDINGS{semeval-157,
   AUTHOR = {Ranjbar, Niloofar and Mashhadirajab, Fatemeh and Shamsfard, Mehrnoush and Hosseini pour, Rayeheh and Vahid pour, Aryan},
   SORTNAME = {Ranjbar, Niloofar and Mashhadirajab, Fatemeh and Shamsfard, Mehrnoush and Hosseini pour, Rayeheh and Vahid pour, Aryan},
   TITLE = {Mahtab at SemEval-2017 Task 2: Combination of Corpus-based and Knowledge-based Methods to Measure Semantic Word Similarity}}
@INPROCEEDINGS{semeval-158,
   AUTHOR = {Lee, I-Ta and Goindani, Mahak and Li, Chang and Jin, Di and Johnson, Kristen Marie and Zhang, Xiao and Pacheco, Maria Leonor and Goldwasser, Dan},
   SORTNAME = {Lee, I-Ta and Goindani, Mahak and Li, Chang and Jin, Di and Johnson, Kristen Marie and Zhang, Xiao and Pacheco, Maria Leonor and Goldwasser, Dan},
   TITLE = {PurdueNLP at SemEval-2017 Task 1: Predicting Semantic Textual Similarity with Paraphrase and Event Embeddings}}
@INPROCEEDINGS{semeval-159,
   AUTHOR = {Koreeda, Yuta and Hashito, Takuya and Niwa, Yoshiki and Sato, Misa and Yanase, Toshihiko and Kurotsuchi, Kenzo and Yanai, Kohsuke},
   SORTNAME = {Koreeda, Yuta and Hashito, Takuya and Niwa, Yoshiki and Sato, Misa and Yanase, Toshihiko and Kurotsuchi, Kenzo and Yanai, Kohsuke},
   TITLE = {bunji at SemEval-2017 Task 3: Combination of Neural Similarity Features and Comment Plausibility Features}}
@INPROCEEDINGS{semeval-016,
   AUTHOR = {Feng, Wenzheng and Wu, Yu and Wu, Wei and Li, Zhoujun and Zhou, Ming},
   SORTNAME = {Feng, Wenzheng and Wu, Yu and Wu, Wei and Li, Zhoujun and Zhou, Ming},
   TITLE = {Beihang-MSRA at SemEval-2017 Task 3: A Ranking System with Neural Matching Features for Community Question Answering}}
@INPROCEEDINGS{semeval-160,
   AUTHOR = {Fleșcan-Lovin-Arseni, Iuliana Alexandra and Turcu, Ramona Andreea and Sirbu, Cristina and Alexa, Larisa and Amarandei, Sandra Maria and Herciu, Nichita and Scutaru, Constantin and Trandabat, Diana and Iftene, Adrian},
   SORTNAME = {Flescan-Lovin-Arseni, Iuliana Alexandra and Turcu, Ramona Andreea and Sirbu, Cristina and Alexa, Larisa and Amarandei, Sandra Maria and Herciu, Nichita and Scutaru, Constantin and Trandabat, Diana and Iftene, Adrian},
   TITLE = {\#WarTeam at SemEval-2017 Task 6: Using Neural Networks for Discovering Humorous Tweets}}
@INPROCEEDINGS{semeval-161,
   AUTHOR = {Delli Bovi, Claudio and Raganato, Alessandro},
   SORTNAME = {Delli Bovi, Claudio and Raganato, Alessandro},
   TITLE = {Sew-Embed at SemEval-2017 Task 2: Language-Independent Concept Representations from a Semantically Enriched Wikipedia}}
@INPROCEEDINGS{semeval-162,
   AUTHOR = {Torki, Marwan and Hasanain, Maram and Elsayed, Tamer},
   SORTNAME = {Torki, Marwan and Hasanain, Maram and Elsayed, Tamer},
   TITLE = {QU-BIGIR at SemEval 2017 Task 3: Using Similarity Features for Arabic Community Question Answering Forums}}
@INPROCEEDINGS{semeval-163,
   AUTHOR = {Wu, Guoshun and Sheng, Yixuan and Lan, Man and Wu, Yuanbin},
   SORTNAME = {Wu, Guoshun and Sheng, Yixuan and Lan, Man and Wu, Yuanbin},
   TITLE = {ECNU at SemEval-2017 Task 3: Using Traditional and Deep Learning Methods to Address Community Question Answering Task}}
@INPROCEEDINGS{semeval-164,
   AUTHOR = {Wang, Feixiang and Lan, Man and Wu, Yuanbin},
   SORTNAME = {Wang, Feixiang and Lan, Man and Wu, Yuanbin},
   TITLE = {ECNU at SemEval-2017 Task 8: Rumour Evaluation Using Effective Features and Supervised Ensemble Models}}
@INPROCEEDINGS{semeval-165,
   AUTHOR = {Jiang, Mengxiao and Lan, Man and Wu, Yuanbin},
   SORTNAME = {Jiang, Mengxiao and Lan, Man and Wu, Yuanbin},
   TITLE = {ECNU at SemEval-2017 Task 5: An Ensemble of Regression Algorithms with Effective Features for Fine-Grained Sentiment Analysis in Financial Domain}}
@INPROCEEDINGS{semeval-166,
   AUTHOR = {Zhou, Yunxiao and Lan, Man and Wu, Yuanbin},
   SORTNAME = {Zhou, Yunxiao and Lan, Man and Wu, Yuanbin},
   TITLE = {ECNU at SemEval-2017 Task 4: Evaluating Effective Features on Machine Learning Methods for Twitter Message Polarity Classification}}
@INPROCEEDINGS{semeval-167,
   AUTHOR = {Rotari, Răzvan-Gabriel and Hulub, Ionut and Oprea, Stefan and Plamada-Onofrei, Mihaela and Lorent, Alina Beatrice and Preisler, Raluca and Iftene, Adrian and Trandabat, Diana},
   SORTNAME = {Rotari, Razvan-Gabriel and Hulub, Ionut and Oprea, Stefan and Plamada-Onofrei, Mihaela and Lorent, Alina Beatrice and Preisler, Raluca and Iftene, Adrian and Trandabat, Diana},
   TITLE = {Wild Devs' at SemEval-2017 Task 2: Using Neural Networks to Discover Word Similarity}}
@INPROCEEDINGS{semeval-168,
   AUTHOR = {Xiu, Yuhuan and Lan, Man and Wu, Yuanbin},
   SORTNAME = {Xiu, Yuhuan and Lan, Man and Wu, Yuanbin},
   TITLE = {ECNU at SemEval-2017 Task 7: Using Supervised and Unsupervised Methods to Detect and Locate English Puns}}
@INPROCEEDINGS{semeval-169,
   AUTHOR = {Indurthi, Vijayasaradhi and Oota, Subba Reddy},
   SORTNAME = {Indurthi, Vijayasaradhi and Oota, Subba Reddy},
   TITLE = {Fermi at SemEval-2017 Task 7: Detection and Interpretation of Homographic puns in English Language}}
@INPROCEEDINGS{semeval-017,
   AUTHOR = {Gamallo, Pablo},
   SORTNAME = {Gamallo, Pablo},
   TITLE = {Citius at SemEval-2017 Task 2: Cross-Lingual Similarity from Comparable Corpora and Dependency-Based Contexts}}
@INPROCEEDINGS{semeval-170,
   AUTHOR = {Agustian, Surya and Takamura, Hiroya},
   SORTNAME = {Agustian, Surya and Takamura, Hiroya},
   TITLE = {UINSUSKA-TiTech at SemEval-2017 Task 3: Exploiting Word Importance Levels for Similarity Features for CQA}}
@INPROCEEDINGS{semeval-171,
   AUTHOR = {Singh, Vikram and Narayan, Sunny and Akhtar, Md Shad and Ekbal, Asif and Bhattacharyya, Pushpak},
   SORTNAME = {Singh, Vikram and Narayan, Sunny and Akhtar, Md Shad and Ekbal, Asif and Bhattacharyya, Pushpak},
   TITLE = {IITP at SemEval-2017 Task 8 : A Supervised Approach for Rumour Evaluation}}
@INPROCEEDINGS{semeval-172,
   AUTHOR = {Biçici, Ergun},
   SORTNAME = {Bicici, Ergun},
   TITLE = {RTM at SemEval-2017 Task 1: Referential Translation Machines for Predicting Semantic Similarity}}
@INPROCEEDINGS{semeval-173,
   AUTHOR = {Berend, Gábor},
   SORTNAME = {Berend, Gabor},
   TITLE = {SZTE-NLP at SemEval-2017 Task 10: A High Precision Sequence Model for Keyphrase Extraction Utilizing Sparse Coding for Feature Generation}}
@INPROCEEDINGS{semeval-174,
   AUTHOR = {Arroyo-Fernández, Ignacio and Meza Ruiz, Ivan Vladimir},
   SORTNAME = {Arroyo-Fernandez, Ignacio and Meza Ruiz, Ivan Vladimir},
   TITLE = {LIPN-IIMAS at SemEval-2017 Task 1: Subword Embeddings, Attention Recurrent Neural Networks and Cross Word Alignment for Semantic Textual Similarity}}
@INPROCEEDINGS{semeval-175,
   AUTHOR = {Kumar, Abhishek and Sethi, Abhishek and Akhtar, Md Shad and Ekbal, Asif and Biemann, Chris and Bhattacharyya, Pushpak},
   SORTNAME = {Kumar, Abhishek and Sethi, Abhishek and Akhtar, Md Shad and Ekbal, Asif and Biemann, Chris and Bhattacharyya, Pushpak},
   TITLE = {IITPB at SemEval-2017 Task 5: Sentiment Prediction in Financial Text}}
@INPROCEEDINGS{semeval-176,
   AUTHOR = {Ghosal, Deepanway and Bhatnagar, Shobhit and Akhtar, Md Shad and Ekbal, Asif and Bhattacharyya, Pushpak},
   SORTNAME = {Ghosal, Deepanway and Bhatnagar, Shobhit and Akhtar, Md Shad and Ekbal, Asif and Bhattacharyya, Pushpak},
   TITLE = {IITP at SemEval-2017 Task 5: An Ensemble of Deep Learning and Feature Based Models for Financial Sentiment Analysis}}
@INPROCEEDINGS{semeval-177,
   AUTHOR = {Saleiro, Pedro and Mendes Rodrigues, Eduarda and Soares, Carlos and Oliveira, Eugénio},
   SORTNAME = {Saleiro, Pedro and Mendes Rodrigues, Eduarda and Soares, Carlos and Oliveira, Eugenio},
   TITLE = {FEUP at SemEval-2017 Task 5: Predicting Sentiment Polarity and Intensity with Financial Word Embeddings}}
@INPROCEEDINGS{semeval-178,
   AUTHOR = {Galbraith, Byron and Pratap, Bhanu and Shank, Daniel},
   SORTNAME = {Galbraith, Byron and Pratap, Bhanu and Shank, Daniel},
   TITLE = {Talla at SemEval-2017 Task 3: Identifying Similar Questions Through Paraphrase Detection}}
@INPROCEEDINGS{semeval-179,
   AUTHOR = {Mahajan, Rutal and Zaveri, Mukesh},
   SORTNAME = {Mahajan, Rutal and Zaveri, Mukesh},
   TITLE = {SVNIT \@ SemEval 2017 Task-6: Learning a Sense of Humor Using Supervised Approach}}
@INPROCEEDINGS{semeval-018,
   AUTHOR = {Jiménez-Zafra, Salud María and Montejo-Ráez, Arturo and Martin, Maite and Urena Lopez, L. Alfonso},
   SORTNAME = {Jimenez-Zafra, Salud Maria and Montejo-Raez, Arturo and Martin, Maite and Urena Lopez, L. Alfonso},
   TITLE = {SINAI at SemEval-2017 Task 4: User based classification}}
@INPROCEEDINGS{semeval-180,
   AUTHOR = {Kubis, Marek and Skórzewski, Paweł and Ziętkiewicz, Tomasz},
   SORTNAME = {Kubis, Marek and Skorzewski, Paweł and Zietkiewicz, Tomasz},
   TITLE = {EUDAMU at SemEval-2017 Task 11: Action Ranking and Type Matching for End-User Development}}
@INPROCEEDINGS{semeval-181,
   AUTHOR = {Camacho-Collados, Jose and Pilehvar, Mohammad Taher and Collier, Nigel and Navigli, Roberto},
   SORTNAME = {Camacho-Collados, Jose and Pilehvar, Mohammad Taher and Collier, Nigel and Navigli, Roberto},
   TITLE = {SemEval-2017 Task 2: Multilingual and Cross-lingual Semantic Word Similarity}}
@INPROCEEDINGS{semeval-182,
   AUTHOR = {Derczynski, Leon and Bontcheva, Kalina and Liakata, Maria and Procter, Rob and Wong Sak Hoi, Geraldine and Zubiaga, Arkaitz},
   SORTNAME = {Derczynski, Leon and Bontcheva, Kalina and Liakata, Maria and Procter, Rob and Wong Sak Hoi, Geraldine and Zubiaga, Arkaitz},
   TITLE = {SemEval-2017 Task 8: RumourEval: Determining rumour veracity and support for rumours}}
@INPROCEEDINGS{semeval-183,
   AUTHOR = {Augenstein, Isabelle and Das, Mrinal and Riedel, Sebastian and Vikraman, Lakshmi and McCallum, Andrew},
   SORTNAME = {Augenstein, Isabelle and Das, Mrinal and Riedel, Sebastian and Vikraman, Lakshmi and McCallum, Andrew},
   TITLE = {SemEval 2017 Task 10: ScienceIE - Extracting Keyphrases and Relations from Scientific Publications}}
@INPROCEEDINGS{semeval-184,
   AUTHOR = {Miller, Tristan and Hempelmann, Christian and Gurevych, Iryna},
   SORTNAME = {Miller, Tristan and Hempelmann, Christian and Gurevych, Iryna},
   TITLE = {SemEval-2017 Task 7: Detection and Interpretation of English Puns}}
@INPROCEEDINGS{semeval-185,
   AUTHOR = {Cortis, Keith and Freitas, André and Daudert, Tobias and Huerlimann, Manuela and Zarrouk, Manel and Handschuh, Siegfried and Davis, Brian},
   SORTNAME = {Cortis, Keith and Freitas, Andre and Daudert, Tobias and Huerlimann, Manuela and Zarrouk, Manel and Handschuh, Siegfried and Davis, Brian},
   TITLE = {SemEval-2017 Task 5: Fine-Grained Sentiment Analysis on Financial Microblogs and News}}
@INPROCEEDINGS{semeval-186,
   AUTHOR = {May, Jonathan and Priyadarshi, Jay},
   SORTNAME = {May, Jonathan and Priyadarshi, Jay},
   TITLE = {SemEval-2017 Task 9: Abstract Meaning Representation Parsing and Generation}}
@INPROCEEDINGS{semeval-187,
   AUTHOR = {Rosenthal, Sara and Farra, Noura and Nakov, Preslav},
   SORTNAME = {Rosenthal, Sara and Farra, Noura and Nakov, Preslav},
   TITLE = {SemEval-2017 Task 4: Sentiment Analysis in Twitter}}
@INPROCEEDINGS{semeval-188,
   AUTHOR = {Bethard, Steven and Savova, Guergana and Palmer, Martha and Pustejovsky, James},
   SORTNAME = {Bethard, Steven and Savova, Guergana and Palmer, Martha and Pustejovsky, James},
   TITLE = {SemEval-2017 Task 12: Clinical TempEval}}
@INPROCEEDINGS{semeval-189,
   AUTHOR = {Potash, Peter and Romanov, Alexey and Rumshisky, Anna},
   SORTNAME = {Potash, Peter and Romanov, Alexey and Rumshisky, Anna},
   TITLE = {SemEval-2017 Task 6: \#HashtagWars: Learning a Sense of Humor}}
@INPROCEEDINGS{semeval-019,
   AUTHOR = {Mansar, Youness and Gatti, Lorenzo and Ferradans, Sira and Guerini, Marco and Staiano, Jacopo},
   SORTNAME = {Mansar, Youness and Gatti, Lorenzo and Ferradans, Sira and Guerini, Marco and Staiano, Jacopo},
   TITLE = {Fortia-FBK at SemEval-2017 Task 5: Bullish or Bearish? Inferring Sentiment towards Brands from Financial News Headlines}}
@INPROCEEDINGS{semeval-190,
   AUTHOR = {Hernandez, Simon David and Buscaldi, Davide and Charnois, Thierry},
   SORTNAME = {Hernandez, Simon David and Buscaldi, Davide and Charnois, Thierry},
   TITLE = {LIPN at SemEval-2017 Task 10:  Filtering Candidate Keyphrases from Scientific Publications with Part-of-Speech Tag Sequences to Train a Sequence Labeling Model}}
@INPROCEEDINGS{semeval-191,
   AUTHOR = {Sales, Juliano and Handschuh, Siegfried and Freitas, André},
   SORTNAME = {Sales, Juliano and Handschuh, Siegfried and Freitas, Andre},
   TITLE = {SemEval-2017 Task 11: End-User Development using Natural Language}}
@INPROCEEDINGS{semeval-192,
   AUTHOR = {Nakov, Preslav and Hoogeveen, Doris and Màrquez, Lluís and Moschitti, Alessandro and Mubarak, Hamdy and Baldwin, Timothy and Verspoor, Karin},
   SORTNAME = {Nakov, Preslav and Hoogeveen, Doris and Marquez, Lluis and Moschitti, Alessandro and Mubarak, Hamdy and Baldwin, Timothy and Verspoor, Karin},
   TITLE = {SemEval-2017 Task 3: Community Question Answering}}
@INPROCEEDINGS{semeval-193,
   AUTHOR = {Cer, Daniel and Diab, Mona and Agirre, Eneko and Lopez-Gazpio, Inigo and Specia, Lucia},
   SORTNAME = {Cer, Daniel and Diab, Mona and Agirre, Eneko and Lopez-Gazpio, Inigo and Specia, Lucia},
   TITLE = {SemEval-2017 Task 1: Semantic Textual Similarity Multilingual and Crosslingual Focused Evaluation}}
@INPROCEEDINGS{semeval-002,
   AUTHOR = {Qwaider, Mohammed R. H. and Freihat, Abed Alhakim and Giunchiglia, Fausto},
   SORTNAME = {Qwaider, Mohammed R. H. and Freihat, Abed Alhakim and Giunchiglia, Fausto},
   TITLE = {TrentoTeam at SemEval-2017 Task 3: An application of Grice Maxims in Ranking Community Question Answers}}
@INPROCEEDINGS{semeval-020,
   AUTHOR = {Sarker, Abeed and Gonzalez, Graciela},
   SORTNAME = {Sarker, Abeed and Gonzalez, Graciela},
   TITLE = {HLP\@UPenn at SemEval-2017 Task 4A: A simple, self-optimizing text classification system combining dense and sparse vectors}}
@INPROCEEDINGS{semeval-021,
   AUTHOR = {Rodrigues, Miguel J. and Couto, Francisco M},
   SORTNAME = {Rodrigues, Miguel J. and Couto, Francisco M},
   TITLE = {MoRS at SemEval-2017 Task 3: Easy to use SVM in Ranking Tasks}}
@INPROCEEDINGS{semeval-022,
   AUTHOR = {Vechtomova, Olga},
   SORTNAME = {Vechtomova, Olga},
   TITLE = {UWaterloo at SemEval-2017 Task 7: Locating the Pun Using Syntactic Characteristics and Corpus-based Metrics}}
@INPROCEEDINGS{semeval-023,
   AUTHOR = {Bahuleyan, Hareesh and Vechtomova, Olga},
   SORTNAME = {Bahuleyan, Hareesh and Vechtomova, Olga},
   TITLE = {UWaterloo at SemEval-2017 Task 8: Detecting Stance towards Rumours with Topic Independent Features}}
@INPROCEEDINGS{semeval-024,
   AUTHOR = {Mikhalkova, Elena and Karyakin, Yuri},
   SORTNAME = {Mikhalkova, Elena and Karyakin, Yuri},
   TITLE = {PunFields at SemEval-2017 Task 7: Employing Roget's Thesaurus in Automatic Pun Recognition and Interpretation}}
@INPROCEEDINGS{semeval-025,
   AUTHOR = {S, Angel Deborah and Rajendram, S Milton and Mirnalinee, T T},
   SORTNAME = {S, Angel Deborah and Rajendram, S Milton and Mirnalinee, T T},
   TITLE = {SSN\_MLRG1 at SemEval-2017 Task 5: Fine-Grained Sentiment Analysis Using Multiple Kernel Gaussian Process Regression Model}}
@INPROCEEDINGS{semeval-026,
   AUTHOR = {Dovdon, Enkhzol and Saias, José},
   SORTNAME = {Dovdon, Enkhzol and Saias, Jose},
   TITLE = {ej-sa-2017 at SemEval-2017 Task 4: Experiments for Target oriented Sentiment Analysis in Twitter}}
@INPROCEEDINGS{semeval-027,
   AUTHOR = {Huang, Po-Yu and Huang, Hen-Hsen and Wang, Yu-Wun and Huang, Ching and Chen, Hsin-Hsi},
   SORTNAME = {Huang, Po-Yu and Huang, Hen-Hsen and Wang, Yu-Wun and Huang, Ching and Chen, Hsin-Hsi},
   TITLE = {NTU-1 at SemEval-2017 Task 12: Detection and classification of temporal events in clinical data with domain adaptation}}
@INPROCEEDINGS{semeval-028,
   AUTHOR = {Nasim, Zarmeen},
   SORTNAME = {Nasim, Zarmeen},
   TITLE = {IBA-Sys at SemEval-2017 Task 5: Fine-Grained Sentiment Analysis on Financial Microblogs and News}}
@INPROCEEDINGS{semeval-029,
   AUTHOR = {Cliche, Mathieu},
   SORTNAME = {Cliche, Mathieu},
   TITLE = {BB\_twtr at SemEval-2017 Task 4: Twitter Sentiment Analysis with CNNs and LSTMs}}
@INPROCEEDINGS{semeval-030,
   AUTHOR = {Troncy, Raphael and Palumbo, Enrico and Sygkounas, Efstratios and Rizzo, Giuseppe},
   SORTNAME = {Troncy, Raphael and Palumbo, Enrico and Sygkounas, Efstratios and Rizzo, Giuseppe},
   TITLE = {SentiME++ at SemEval-2017 Task 4: Stacking State-of-the-Art Classifiers to Enhance Sentiment Classification}}
@INPROCEEDINGS{semeval-031,
   AUTHOR = {Yan, Xinru and Pedersen, Ted},
   SORTNAME = {Yan, Xinru and Pedersen, Ted},
   TITLE = {Duluth at SemEval-2017 Task 6: Language Models in Humor Detection}}
@INPROCEEDINGS{semeval-032,
   AUTHOR = {Xie, Yufei and Wang, Maoquan and Ma, Jing and Jiang, Jian and Lu, Zhao},
   SORTNAME = {Xie, Yufei and Wang, Maoquan and Ma, Jing and Jiang, Jian and Lu, Zhao},
   TITLE = {EICA Team at SemEval-2017 Task 3: Semantic and Metadata-based Features for Community Question Answering}}
@INPROCEEDINGS{semeval-033,
   AUTHOR = {Pramanick, Aniket and Das, Dipankar},
   SORTNAME = {Pramanick, Aniket and Das, Dipankar},
   TITLE = {JU CSE NLP \@ SemEval 2017 Task 7: Employing Rules to Detect and Interpret English Puns}}
@INPROCEEDINGS{semeval-034,
   AUTHOR = {Nguyen, Khoa and Nguyen, Dang},
   SORTNAME = {Nguyen, Khoa and Nguyen, Dang},
   TITLE = {UIT-DANGNT-CLNLP at SemEval-2017 Task 9: Building Scientific Concept Fixing Patterns for Improving CAMR}}
@INPROCEEDINGS{semeval-035,
   AUTHOR = {Rozental, Alon and Fleischer, Daniel},
   SORTNAME = {Rozental, Alon and Fleischer, Daniel},
   TITLE = {Amobee at SemEval-2017 Task 4: Deep Learning System for Sentiment Detection on Twitter}}
@INPROCEEDINGS{semeval-036,
   AUTHOR = {Long, Yu and Li, Zhijing and Wang, Xuan and Li, Chen},
   SORTNAME = {Long, Yu and Li, Zhijing and Wang, Xuan and Li, Chen},
   TITLE = {XJNLP at SemEval-2017 Task 12: Clinical temporal information ex-traction with a Hybrid Model}}
@INPROCEEDINGS{semeval-037,
   AUTHOR = {Laskari, Naveen Kumar and Sanampudi, Suresh Kumar},
   SORTNAME = {Laskari, Naveen Kumar and Sanampudi, Suresh Kumar},
   TITLE = {TWINA at SemEval-2017 Task 4: Twitter Sentiment Analysis with Ensemble Gradient Boost Tree Classifier}}
@INPROCEEDINGS{semeval-038,
   AUTHOR = {Attardi, Giuseppe and Carta, Antonio and Errica, Federico and Madotto, Andrea and Pannitto, Ludovica},
   SORTNAME = {Attardi, Giuseppe and Carta, Antonio and Errica, Federico and Madotto, Andrea and Pannitto, Ludovica},
   TITLE = {FA3L at SemEval-2017 Task 3: A ThRee Embeddings Recurrent Neural Network for Question Answering}}
@INPROCEEDINGS{semeval-039,
   AUTHOR = {Mulki, Hala and Haddad, Hatem and Gridach, Mourad and Babaoğlu, Ismail},
   SORTNAME = {Mulki, Hala and Haddad, Hatem and Gridach, Mourad and Babaoglu, Ismail},
   TITLE = {Tw-StAR at SemEval-2017 Task 4: Sentiment Classification of Arabic Tweets}}
@INPROCEEDINGS{semeval-004,
   AUTHOR = {Han, Xiwu and Toner, Gregory},
   SORTNAME = {Han, Xiwu and Toner, Gregory},
   TITLE = {QUB at SemEval-2017 Task 6: Cascaded Imbalanced Classification for Humor Analysis in Twitter}}
@INPROCEEDINGS{semeval-040,
   AUTHOR = {Onyibe, Chukwuyem and Habash, Nizar},
   SORTNAME = {Onyibe, Chukwuyem and Habash, Nizar},
   TITLE = {OMAM at SemEval-2017 Task 4: English Sentiment Analysis with Conditional Random Fields}}
@INPROCEEDINGS{semeval-043,
   AUTHOR = {Kolovou, Athanasia and Kokkinos, Filippos and Fergadis, Aris and Papalampidi, Pinelopi and Iosif, Elias and Malandrakis, Nikolaos and Palogiannidi, Elisavet and Papageorgiou, Haris and Narayanan, Shrikanth and Potamianos, Alexandros},
   SORTNAME = {Kolovou, Athanasia and Kokkinos, Filippos and Fergadis, Aris and Papalampidi, Pinelopi and Iosif, Elias and Malandrakis, Nikolaos and Palogiannidi, Elisavet and Papageorgiou, Haris and Narayanan, Shrikanth and Potamianos, Alexandros},
   TITLE = {Tweester at SemEval-2017 Task 4: Fusion of Semantic-Affective and pairwise classification models for sentiment analysis in Twitter}}
@INPROCEEDINGS{semeval-044,
   AUTHOR = {Karpov, Nikolay},
   SORTNAME = {Karpov, Nikolay},
   TITLE = {NRU-HSE at SemEval-2017 Task 4: Tweet Quantification Using Deep Learning Architecture}}
@INPROCEEDINGS{semeval-045,
   AUTHOR = {Buys, Jan and Blunsom, Phil},
   SORTNAME = {Buys, Jan and Blunsom, Phil},
   TITLE = {Oxford at SemEval-2017 Task 9: Neural AMR Parsing with Pointer-Augmented Attention}}
@INPROCEEDINGS{semeval-046,
   AUTHOR = {Melka, Josué and Bernard, Gilles},
   SORTNAME = {Melka, Josue and Bernard, Gilles},
   TITLE = {Jmp8 at SemEval-2017 Task 2: A simple and general distributional approach to estimate word similarity}}
@INPROCEEDINGS{semeval-049,
   AUTHOR = {Ammar, Waleed and Peters, Matthew and Bhagavatula, Chandra and Power, Russell},
   SORTNAME = {Ammar, Waleed and Peters, Matthew and Bhagavatula, Chandra and Power, Russell},
   TITLE = {The AI2 system at SemEval-2017 Task 10 (ScienceIE): semi-supervised end-to-end entity and relation extraction}}
@INPROCEEDINGS{semeval-005,
   AUTHOR = {Baly, Ramy and Badaro, Gilbert and Hamdi, Ali and Moukalled, Rawan and Aoun, Rita and El-Khoury, Georges and Al Sallab, Ahmad and Hajj, Hazem and Habash, Nizar and Shaban, Khaled and El-Hajj, Wassim},
   SORTNAME = {Baly, Ramy and Badaro, Gilbert and Hamdi, Ali and Moukalled, Rawan and Aoun, Rita and El-Khoury, Georges and Al Sallab, Ahmad and Hajj, Hazem and Habash, Nizar and Shaban, Khaled and El-Hajj, Wassim},
   TITLE = {OMAM at SemEval-2017 Task 4: Evaluation of English State-of-the-Art Sentiment Analysis Models for Arabic and a New Topic-based Model}}
@INPROCEEDINGS{semeval-050,
   AUTHOR = {Maharjan, Nabin and Banjade, Rajendra and Gautam, Dipesh and Tamang, Lasang J. and Rus, Vasile},
   SORTNAME = {Maharjan, Nabin and Banjade, Rajendra and Gautam, Dipesh and Tamang, Lasang J. and Rus, Vasile},
   TITLE = {DT\_Team at SemEval-2017 Task 1: Semantic Similarity Using Alignments, Sentence-Level Embeddings and Gaussian Mixture Model Output}}
@INPROCEEDINGS{semeval-051,
   AUTHOR = {Qi, Le and Zhang, Yu and Liu, Ting},
   SORTNAME = {Qi, Le and Zhang, Yu and Liu, Ting},
   TITLE = {SCIR-QA at SemEval-2017 Task 3: CNN Model Based on Similar and Dissimilar Information between Keywords for Question Similarity}}
@INPROCEEDINGS{semeval-052,
   AUTHOR = {Goyal, Naman},
   SORTNAME = {Goyal, Naman},
   TITLE = {LearningToQuestion at SemEval 2017 Task 3: Ranking Similar Questions by Learning to Rank Using Rich Features}}
@INPROCEEDINGS{semeval-053,
   AUTHOR = {Chen, Yi-Chin and Liu, Zhao-Yang and Kao, Hung-Yu},
   SORTNAME = {Chen, Yi-Chin and Liu, Zhao-Yang and Kao, Hung-Yu},
   TITLE = {IKM at SemEval-2017 Task 8: Convolutional Neural Networks for stance detection and rumor verification}}
@INPROCEEDINGS{semeval-054,
   AUTHOR = {Fialho, Pedro and Patinho Rodrigues, Hugo and Coheur, Luísa and Quaresma, Paulo},
   SORTNAME = {Fialho, Pedro and Patinho Rodrigues, Hugo and Coheur, Luisa and Quaresma, Paulo},
   TITLE = {L2F/INESC-ID at SemEval-2017 Tasks 1 and 2: Lexical and semantic features in word and textual similarity}}
@INPROCEEDINGS{semeval-055,
   AUTHOR = {Sevgili, Özge and Ghotbi, Nima and Tekir, Selma},
   SORTNAME = {Sevgili, Ozge and Ghotbi, Nima and Tekir, Selma},
   TITLE = {N-Hance at SemEval-2017 Task 7: A Computational Approach using Word Association for Puns}}
@INPROCEEDINGS{semeval-056,
   AUTHOR = {Zhao, Jingjing and Yang, Yan and Xu, Bing},
   SORTNAME = {Zhao, Jingjing and Yang, Yan and Xu, Bing},
   TITLE = {MI\&T Lab at SemEval-2017 task 4: An Integrated Training Method of Word Vector for Sentiment Classification}}
@INPROCEEDINGS{semeval-057,
   AUTHOR = {Charlet, Delphine and Damnati, Geraldine},
   SORTNAME = {Charlet, Delphine and Damnati, Geraldine},
   TITLE = {SimBow at SemEval-2017 Task 3: Soft-Cosine Semantic Similarity between Questions for Community Question Answering}}
@INPROCEEDINGS{semeval-058,
   AUTHOR = {Hassan, Basma and AbdelRahman, Samir and Bahgat, Reem and Farag, Ibrahim},
   SORTNAME = {Hassan, Basma and AbdelRahman, Samir and Bahgat, Reem and Farag, Ibrahim},
   TITLE = {FCICU at SemEval-2017 Task 1: Sense-Based Language Independent Semantic Textual Similarity Approach}}
@INPROCEEDINGS{semeval-059,
   AUTHOR = {Shao, Yang},
   SORTNAME = {Shao, Yang},
   TITLE = {HCTI at SemEval-2017 Task 1: Use convolutional neural network to evaluate Semantic Textual Similarity}}
@INPROCEEDINGS{semeval-006,
   AUTHOR = {Corrêa Júnior, Edilson Anselmo and Marinho, Vanessa Queiroz and dos Santos, Leandro Borges},
   SORTNAME = {Correa Junior, Edilson Anselmo and Marinho, Vanessa Queiroz and dos Santos, Leandro Borges},
   TITLE = {NILC-USP at SemEval-2017 Task 4: A Multi-view Ensemble for Twitter Sentiment Analysis}}
@INPROCEEDINGS{semeval-060,
   AUTHOR = {Marsi, Erwin and Sikdar, Utpal Kumar and Marco, Cristina and Barik, Biswanath and Sætre, Rune},
   SORTNAME = {Marsi, Erwin and Sikdar, Utpal Kumar and Marco, Cristina and Barik, Biswanath and Sætre, Rune},
   TITLE = {NTNU-1\@ScienceIE at SemEval-2017 Task 10: Identifying and Labelling Keyphrases with Conditional Random Fields}}
@INPROCEEDINGS{semeval-061,
   AUTHOR = {Jabreel, Mohammed and Moreno, Antonio},
   SORTNAME = {Jabreel, Mohammed and Moreno, Antonio},
   TITLE = {SiTAKA at SemEval-2017 Task 4: Sentiment Analysis in Twitter Based on a Rich Set of Features}}
@INPROCEEDINGS{semeval-062,
   AUTHOR = {Hamdan, Hussam},
   SORTNAME = {Hamdan, Hussam},
   TITLE = {Senti17 at SemEval-2017 Task 4: Ten Convolutional Neural Network Voters for Tweet Polarity Classification}}
@INPROCEEDINGS{semeval-063,
   AUTHOR = {NAGOUDI, El Moatez Billah and Ferrero, Jérémy and Schwab, Didier},
   SORTNAME = {NAGOUDI, El Moatez Billah and Ferrero, Jeremy and Schwab, Didier},
   TITLE = {LIM-LIG at SemEval-2017 Task1: Enhancing the Semantic Similarity for Arabic Sentences with Vectors Weighting}}
@INPROCEEDINGS{semeval-064,
   AUTHOR = {Cabanski, Tobias and Romberg, Julia and Conrad, Stefan},
   SORTNAME = {Cabanski, Tobias and Romberg, Julia and Conrad, Stefan},
   TITLE = {HHU at SemEval-2017 Task 5: Fine-Grained Sentiment Analysis on Financial Data using Machine Learning Methods}}
@INPROCEEDINGS{semeval-065,
   AUTHOR = {Śpiewak, Martyna and Sobecki, Piotr and Karaś, Daniel},
   SORTNAME = {Spiewak, Martyna and Sobecki, Piotr and Karas, Daniel},
   TITLE = {OPI-JSA at SemEval-2017 Task 1: Application of Ensemble learning for computing semantic textual similarity}}
@INPROCEEDINGS{semeval-066,
   AUTHOR = {Symeonidis, Symeon and Effrosynidis, Dimitrios and Kordonis, John and Arampatzis, Avi},
   SORTNAME = {Symeonidis, Symeon and Effrosynidis, Dimitrios and Kordonis, John and Arampatzis, Avi},
   TITLE = {DUTH at SemEval-2017 Task 4: A Voting Classification Approach for Twitter Sentiment Analysis}}
@INPROCEEDINGS{semeval-068,
   AUTHOR = {S, Angel Deborah and Rajendram, S Milton and Mirnalinee, T T},
   SORTNAME = {S, Angel Deborah and Rajendram, S Milton and Mirnalinee, T T},
   TITLE = {SSN\_MLRG1 at SemEval-2017 Task 4: Sentiment Analysis in Twitter Using Multi-Kernel Gaussian Process Classifier}}
@INPROCEEDINGS{semeval-069,
   AUTHOR = {Zini, Tiago and Becker, Karin and Dias, Marcelo},
   SORTNAME = {Zini, Tiago and Becker, Karin and Dias, Marcelo},
   TITLE = {INF-UFRGS at SemEval-2017 Task 5: A Supervised Identification of Sentiment Score in Tweets and Headlines}}
@INPROCEEDINGS{semeval-007,
   AUTHOR = {Ferrero, Jérémy and Besacier, Laurent and Schwab, Didier and Agnès, Frédéric},
   SORTNAME = {Ferrero, Jeremy and Besacier, Laurent and Schwab, Didier and Agnes, Frederic},
   TITLE = {CompiLIG at SemEval-2017 Task 1: Cross-Language Plagiarism Detection Methods for Semantic Textual Similarity}}
@INPROCEEDINGS{semeval-071,
   AUTHOR = {Nandi, Titas and Biemann, Chris and Yimam, Seid Muhie and Gupta, Deepak and Kohail, Sarah and Ekbal, Asif and Bhattacharyya, Pushpak},
   SORTNAME = {Nandi, Titas and Biemann, Chris and Yimam, Seid Muhie and Gupta, Deepak and Kohail, Sarah and Ekbal, Asif and Bhattacharyya, Pushpak},
   TITLE = {IIT-UHH at SemEval-2017 Task 3: Exploring Multiple Features for Community Question Answering and Implicit Dialogue Identification}}
@INPROCEEDINGS{semeval-072,
   AUTHOR = {España-Bonet, Cristina and Barrón-Cedeño, Alberto},
   SORTNAME = {Espana-Bonet, Cristina and Barron-Cedeno, Alberto},
   TITLE = {Lump at SemEval-2017 Task 1: Towards an Interlingua Semantic Similarity}}
@INPROCEEDINGS{semeval-073,
   AUTHOR = {Meng, Fanqing and Lu, Wenpeng and Zhang, Yuteng and Cheng, Jinyong and Du, Yuehan and Han, Shuwang},
   SORTNAME = {Meng, Fanqing and Lu, Wenpeng and Zhang, Yuteng and Cheng, Jinyong and Du, Yuehan and Han, Shuwang},
   TITLE = {QLUT at SemEval-2017 Task 1: Semantic Textual Similarity Based on Word Embeddings}}
@INPROCEEDINGS{semeval-074,
   AUTHOR = {Hurtado, Lluís-F. and Segarra, Encarna and Pla, Ferran and Carrasco, Pascual and González, José-Ángel},
   SORTNAME = {Hurtado, Lluis-F. and Segarra, Encarna and Pla, Ferran and Carrasco, Pascual and Gonzalez, Jose-Angel},
   TITLE = {ELiRF-UPV at SemEval-2017 Task 7: Pun Detection and Interpretation}}
@INPROCEEDINGS{semeval-075,
   AUTHOR = {Oele, Dieke and Evang, Kilian},
   SORTNAME = {Oele, Dieke and Evang, Kilian},
   TITLE = {BuzzSaw at SemEval-2017 Task 7: Global vs. Local Context for Interpreting and Locating Homographic English Puns with Sense Embeddings}}
@INPROCEEDINGS{semeval-076,
   AUTHOR = {Wang, Ming and Chu, Biao and Liu, Qingxun and Zhou, Xiaobing},
   SORTNAME = {Wang, Ming and Chu, Biao and Liu, Qingxun and Zhou, Xiaobing},
   TITLE = {YNUDLG at SemEval-2017 Task 4: A GRU-SVM Model for Sentiment Classification and Quantification in Twitter}}
@INPROCEEDINGS{semeval-077,
   AUTHOR = {Meng, Fanqing and Lu, Wenpeng and Zhang, Yuteng and Jian, Ping and Shi, Shumin and Huang, Heyan},
   SORTNAME = {Meng, Fanqing and Lu, Wenpeng and Zhang, Yuteng and Jian, Ping and Shi, Shumin and Huang, Heyan},
   TITLE = {QLUT at SemEval-2017 Task 2: Word Similarity Based on Word Embedding and Knowledge Base}}
@INPROCEEDINGS{semeval-078,
   AUTHOR = {Eger, Steffen and Do Dinh, Erik-Lân and Kuznetsov, Ilia and Kiaeeha, Masoud and Gurevych, Iryna},
   SORTNAME = {Eger, Steffen and Do Dinh, Erik-Lan and Kuznetsov, Ilia and Kiaeeha, Masoud and Gurevych, Iryna},
   TITLE = {EELECTION at SemEval-2017 Task 10: Ensemble of nEural Learners for kEyphrase ClassificaTION}}
@INPROCEEDINGS{semeval-079,
   AUTHOR = {Wu, Hao and Huang, Heyan and Jian, Ping and Guo, Yuhang and Su, Chao},
   SORTNAME = {Wu, Hao and Huang, Heyan and Jian, Ping and Guo, Yuhang and Su, Chao},
   TITLE = {BIT at SemEval-2017 Task 1: Using Semantic Information Space to Evaluate Semantic Textual Similarity}}
@INPROCEEDINGS{semeval-008,
   AUTHOR = {Al-Natsheh, Hussein T. and Martinet, Lucie and Muhlenbach, Fabrice and ZIGHED, Djamel Abdelkader},
   SORTNAME = {Al-Natsheh, Hussein T. and Martinet, Lucie and Muhlenbach, Fabrice and ZIGHED, Djamel Abdelkader},
   TITLE = {UdL at SemEval-2017 Task 1: Semantic Textual Similarity Estimation of English Sentence Pairs Using Regression Model over Pairwise Features}}
@INPROCEEDINGS{semeval-080,
   AUTHOR = {Bjerva, Johannes and Östling, Robert},
   SORTNAME = {Bjerva, Johannes and Ostling, Robert},
   TITLE = {ResSim at SemEval-2017 Task 1: Multilingual Word Representations for Semantic Textual Similarity}}
@INPROCEEDINGS{semeval-081,
   AUTHOR = {Liu, Wenjie and Sun, Chengjie and Lin, Lei and Liu, Bingquan},
   SORTNAME = {Liu, Wenjie and Sun, Chengjie and Lin, Lei and Liu, Bingquan},
   TITLE = {ITNLP-AiKF at SemEval-2017 Task 1: Rich Features Based SVR for Semantic Textual Similarity Computing}}
@INPROCEEDINGS{semeval-082,
   AUTHOR = {Htait, Amal and Fournier, Sébastien and Bellot, Patrice},
   SORTNAME = {Htait, Amal and Fournier, Sebastien and Bellot, Patrice},
   TITLE = {LSIS at SemEval-2017 Task 4: Using Adapted Sentiment Similarity Seed Words For English and Arabic Tweet Polarity Classification}}
@INPROCEEDINGS{semeval-083,
   AUTHOR = {Zhang, Sheng and Cheng, Jiajun and Wang, Hui and Zhang, Xin and Li, Pei and Ding, Zhaoyun},
   SORTNAME = {Zhang, Sheng and Cheng, Jiajun and Wang, Hui and Zhang, Xin and Li, Pei and Ding, Zhaoyun},
   TITLE = {FuRongWang at SemEval-2017 Task 3: Deep Neural Networks for Selecting Relevant Answers in Community Question Answering}}
@INPROCEEDINGS{semeval-084,
   AUTHOR = {Segura-Bedmar, Isabel and Colón-Ruiz, Cristóbal and Martínez, Paloma},
   SORTNAME = {Segura-Bedmar, Isabel and Colon-Ruiz, Cristobal and Martinez, Paloma},
   TITLE = {LABDA at SemEval-2017 Task 10: Extracting Keyphrases from Scientific Publications by combining the BANNER tool and the UMLS Semantic Network}}
@INPROCEEDINGS{semeval-085,
   AUTHOR = {Lee, Lung-Hao and Lee, Kuei-Ching and Tseng, Yuen-Hsien},
   SORTNAME = {Lee, Lung-Hao and Lee, Kuei-Ching and Tseng, Yuen-Hsien},
   TITLE = {The NTNU System at SemEval-2017 Task 10: Extracting Keyphrases and Relations from Scientific Publications Using Multiple Conditional Random Fields}}
@INPROCEEDINGS{semeval-086,
   AUTHOR = {Mille, Simon and Carlini, Roberto and Burga, Alicia and Wanner, Leo},
   SORTNAME = {Mille, Simon and Carlini, Roberto and Burga, Alicia and Wanner, Leo},
   TITLE = {FORGe at SemEval-2017 Task 9: Deep sentence generation based on a sequence of graph transducers}}
@INPROCEEDINGS{semeval-087,
   AUTHOR = {González, José-Ángel and Pla, Ferran and Hurtado, Lluís-F.},
   SORTNAME = {Gonzalez, Jose-Angel and Pla, Ferran and Hurtado, Lluis-F.},
   TITLE = {ELiRF-UPV at SemEval-2017 Task 4: Sentiment Analysis using Deep Learning}}
@INPROCEEDINGS{semeval-088,
   AUTHOR = {Hao, Yazhou and Lan, YangYang and Li, Yufei and Li, Chen},
   SORTNAME = {Hao, Yazhou and Lan, YangYang and Li, Yufei and Li, Chen},
   TITLE = {XJSA at SemEval-2017 Task 4: A Deep System for Sentiment Classification in Twitter}}
@INPROCEEDINGS{semeval-089,
   AUTHOR = {Zhuang, WenLi and Chang, Ernie},
   SORTNAME = {Zhuang, WenLi and Chang, Ernie},
   TITLE = {Neobility at SemEval-2017 Task 1: An Attention-based Sentence Similarity Model}}
@INPROCEEDINGS{semeval-009,
   AUTHOR = {El Adlouni, Yassine and Lahbari, Imane and Rodriguez, Horacio and Meknassi, Mohammed and El Alaoui, Said Ouatik and Ennahnahi, Noureddine},
   SORTNAME = {El Adlouni, Yassine and Lahbari, Imane and Rodriguez, Horacio and Meknassi, Mohammed and El Alaoui, Said Ouatik and Ennahnahi, Noureddine},
   TITLE = {UPC-USMBA at SemEval-2017 Task 3: Combining multiple approaches for CQA for Arabic}}
@INPROCEEDINGS{semeval-090,
   AUTHOR = {Yoon, Joosung and Lyu, Kigon and Kim, Hyeoncheol},
   SORTNAME = {Yoon, Joosung and Lyu, Kigon and Kim, Hyeoncheol},
   TITLE = {Adullam at SemEval-2017 Task 4: Sentiment Analyzer Using Lexicon Integrated Convolutional Neural Networks with Attention}}
@INPROCEEDINGS{semeval-091,
   AUTHOR = {maoquan, wang and Shiyun, Chen and yufei, Xie and lu, Zhao},
   SORTNAME = {maoquan, wang and Shiyun, Chen and yufei, Xie and lu, Zhao},
   TITLE = {EICA at SemEval-2017 Task 4: A Simple Convolutional Neural Network for Topic-based Sentiment Classification}}
@INPROCEEDINGS{semeval-092,
   AUTHOR = {Gruzitis, Normunds and Gosko, Didzis and Barzdins, Guntis},
   SORTNAME = {Gruzitis, Normunds and Gosko, Didzis and Barzdins, Guntis},
   TITLE = {RIGOTRIO at SemEval-2017 Task 9: Combining Machine Learning and Grammar Engineering for AMR Parsing and Generation}}
@INPROCEEDINGS{semeval-093,
   AUTHOR = {Li, Quanzhi and Nourbakhsh, Armineh and Liu, Xiaomo and Fang, Rui and Shah, Sameena},
   SORTNAME = {Li, Quanzhi and Nourbakhsh, Armineh and Liu, Xiaomo and Fang, Rui and Shah, Sameena},
   TITLE = {funSentiment at SemEval-2017 Task 4: Topic-Based Message Sentiment Classification by Exploiting  Word  Embeddings, Text Features and Target Contexts}}
@INPROCEEDINGS{semeval-094,
   AUTHOR = {Filice, Simone and Da San Martino, Giovanni and Moschitti, Alessandro},
   SORTNAME = {Filice, Simone and Da San Martino, Giovanni and Moschitti, Alessandro},
   TITLE = {KeLP at SemEval-2017 Task 3: Learning Pairwise Patterns in Community Question Answering}}
@INPROCEEDINGS{semeval-095,
   AUTHOR = {Lamurias, Andre and Sousa, Diana and Pereira, Sofia and Clarke, Luka and Couto, Francisco M},
   SORTNAME = {Lamurias, Andre and Sousa, Diana and Pereira, Sofia and Clarke, Luka and Couto, Francisco M},
   TITLE = {ULISBOA at SemEval-2017 Task 12: Extraction and classification of temporal expressions and events}}
@INPROCEEDINGS{semeval-096,
   AUTHOR = {Pivovarova, Lidia and Escoter, Llorenç and Klami, Arto and Yangarber, Roman},
   SORTNAME = {Pivovarova, Lidia and Escoter, Llorenc and Klami, Arto and Yangarber, Roman},
   TITLE = {HCS at SemEval-2017 Task 5: Polarity detection in business news using convolutional neural networks}}
@INPROCEEDINGS{semeval-097,
   AUTHOR = {Baziotis, Christos and Pelekis, Nikos and Doulkeridis, Christos},
   SORTNAME = {Baziotis, Christos and Pelekis, Nikos and Doulkeridis, Christos},
   TITLE = {DataStories at SemEval-2017 Task 4: Deep LSTM with Attention for Message-level and Topic-based Sentiment Analysis}}
@INPROCEEDINGS{semeval-098,
   AUTHOR = {Chen, Chung-Chi and Huang, Hen-Hsen and Chen, Hsin-Hsi},
   SORTNAME = {Chen, Chung-Chi and Huang, Hen-Hsen and Chen, Hsin-Hsi},
   TITLE = {NLG301 at SemEval-2017 Task 5: Fine-Grained Sentiment Analysis on Financial Microblogs and News}}
@INPROCEEDINGS{semeval-099,
   AUTHOR = {Liu, Sijia and Shen, Feichen and Chaudhary, Vipin and Liu, Hongfang},
   SORTNAME = {Liu, Sijia and Shen, Feichen and Chaudhary, Vipin and Liu, Hongfang},
   TITLE = {MayoNLP at SemEval 2017 Task 10: Word Embedding Distance Pattern for Keyphrase Classification in Scientific Publications}}
