@INPROCEEDINGS{repl4nlp-011,
   AUTHOR = {Zhang, Ye and Lease, Matthew and Wallace, Byron},
   SORTNAME = {Zhang, Ye and Lease, Matthew and Wallace, Byron},
   TITLE = {Active Discriminative Text Representation Learning}}
@INPROCEEDINGS{repl4nlp-013,
   AUTHOR = {Felbo, Bjarke and Mislove, Alan and Søgaard, Anders and Rahwan, Iyad and Lehmann, Sune},
   SORTNAME = {Felbo, Bjarke and Mislove, Alan and Søgaard, Anders and Rahwan, Iyad and Lehmann, Sune},
   TITLE = {Using millions of emoji occurrences to pretrain any-domain models for detecting emotion, sentiment and sarcasm}}
@INPROCEEDINGS{repl4nlp-017,
   AUTHOR = {Belinkov, Yonatan and Màrquez, Lluís and Sajjad, Hassan and Durrani, Nadir and Dalvi, Fahim and Glass, James},
   SORTNAME = {Belinkov, Yonatan and Marquez, Lluis and Sajjad, Hassan and Durrani, Nadir and Dalvi, Fahim and Glass, James},
   TITLE = {Evaluating Layers of Representation in Neural Machine Translation on Syntactic and Semantic Tagging}}
@INPROCEEDINGS{repl4nlp-018,
   AUTHOR = {Yuan, Xingdi and Wang, Tong and Gulcehre, Caglar and Sordoni, Alessandro and Bachman, Philip and Zhang, Saizheng and Subramanian, Sandeep and Trischler, Adam},
   SORTNAME = {Yuan, Xingdi and Wang, Tong and Gulcehre, Caglar and Sordoni, Alessandro and Bachman, Philip and Zhang, Saizheng and Subramanian, Sandeep and Trischler, Adam},
   TITLE = {Machine Comprehension by Text-to-Text Neural Question Generation}}
@INPROCEEDINGS{repl4nlp-019,
   AUTHOR = {Wang, Hai and Onishi, Takeshi and Gimpel, Kevin and McAllester, David},
   SORTNAME = {Wang, Hai and Onishi, Takeshi and Gimpel, Kevin and McAllester, David},
   TITLE = {Emergent Predication Structure in Hidden State Vectors of Neural Readers}}
@INPROCEEDINGS{repl4nlp-022,
   AUTHOR = {Cheri, Joe and Bhattacharyya, Pushpak},
   SORTNAME = {Cheri, Joe and Bhattacharyya, Pushpak},
   TITLE = {Towards Harnessing Memory Networks for Coreference Resolution}}
@INPROCEEDINGS{repl4nlp-023,
   AUTHOR = {Liang, Dongyun and Xu, Weiran and Zhao, Yinge},
   SORTNAME = {Liang, Dongyun and Xu, Weiran and Zhao, Yinge},
   TITLE = {Combining Word-Level and Character-Level Representations for Relation Classification of Informal Text}}
@INPROCEEDINGS{repl4nlp-026,
   AUTHOR = {Potapenko, Anna and Popov, Artem},
   SORTNAME = {Potapenko, Anna and Popov, Artem},
   TITLE = {Regularized Topic Models for Sparse Interpretable Word Embeddings}}
@INPROCEEDINGS{repl4nlp-027,
   AUTHOR = {Bolukbasi, Tolga and Chang, Kai-Wei and Zou, James and Saligrama, Venkatesh and Kalai, Adam T.},
   SORTNAME = {Bolukbasi, Tolga and Chang, Kai-Wei and Zou, James and Saligrama, Venkatesh and Kalai, Adam T.},
   TITLE = {Man is to Computer Programmer as Woman is to Homemaker? Debiasing Word Embeddings}}
@INPROCEEDINGS{repl4nlp-030,
   AUTHOR = {Fan, Xing and Monti, Emilio and Mathias, Lambert and Dreyer, Markus},
   SORTNAME = {Fan, Xing and Monti, Emilio and Mathias, Lambert and Dreyer, Markus},
   TITLE = {Transfer Learning for Neural Semantic Parsing}}
@INPROCEEDINGS{repl4nlp-032,
   AUTHOR = {Lee, Guang-He and Chen, Yun-Nung},
   SORTNAME = {Lee, Guang-He and Chen, Yun-Nung},
   TITLE = {MUSE: Modularizing Unsupervised Sense Embeddings}}
@INPROCEEDINGS{repl4nlp-033,
   AUTHOR = {Shen, Yelong and Huang, Po-Sen and Chang, Ming-Wei and Gao, Jianfeng},
   SORTNAME = {Shen, Yelong and Huang, Po-Sen and Chang, Ming-Wei and Gao, Jianfeng},
   TITLE = {Modeling Large-Scale Structured Relationships with Shared Memory for Knowledge Base Completion}}
@INPROCEEDINGS{repl4nlp-034,
   AUTHOR = {Kadlec, Rudolf and Bajgar, Ondrej and Kleindienst, Jan},
   SORTNAME = {Kadlec, Rudolf and Bajgar, Ondrej and Kleindienst, Jan},
   TITLE = {Knowledge Base Completion: Baselines Strike Back}}
@INPROCEEDINGS{repl4nlp-035,
   AUTHOR = {Brarda, Sebastian and Yeres, Philip and Bowman, Samuel},
   SORTNAME = {Brarda, Sebastian and Yeres, Philip and Bowman, Samuel},
   TITLE = {Sequential Attention: A Context-Aware Alignment Function for Machine Reading}}
@INPROCEEDINGS{repl4nlp-036,
   AUTHOR = {Rygl, Jan and Pomikálek, Jan and Řehůřek, Radim and Růžička, Michal and Novotný, Vít and Sojka, Petr},
   SORTNAME = {Rygl, Jan and Pomikalek, Jan and Rehurek, Radim and Ruzicka, Michal and Novotny, Vit and Sojka, Petr},
   TITLE = {Semantic Vector Encoding and Similarity Search Using Fulltext Search Engines}}
@INPROCEEDINGS{repl4nlp-037,
   AUTHOR = {Peng, Nanyun and Dredze, Mark},
   SORTNAME = {Peng, Nanyun and Dredze, Mark},
   TITLE = {Multi-task Domain Adaptation for Sequence Tagging}}
@INPROCEEDINGS{repl4nlp-041,
   AUTHOR = {Upadhyay, Shyam and Chang, Kai-Wei and Taddy, Matt and Kalai, Adam and Zou, James},
   SORTNAME = {Upadhyay, Shyam and Chang, Kai-Wei and Taddy, Matt and Kalai, Adam and Zou, James},
   TITLE = {Beyond Bilingual: Multi-sense Word Embeddings using Multilingual Context}}
@INPROCEEDINGS{repl4nlp-042,
   AUTHOR = {Chen, Sheng and Soni, Akshay and Pappu, Aasish and Mehdad, Yashar},
   SORTNAME = {Chen, Sheng and Soni, Akshay and Pappu, Aasish and Mehdad, Yashar},
   TITLE = {DocTag2Vec: An Embedding Based Multi-label Learning Approach for Document Tagging}}
@INPROCEEDINGS{repl4nlp-043,
   AUTHOR = {Grzegorczyk, Karol and Kurdziel, Marcin},
   SORTNAME = {Grzegorczyk, Karol and Kurdziel, Marcin},
   TITLE = {Binary Paragraph Vectors}}
@INPROCEEDINGS{repl4nlp-045,
   AUTHOR = {Moirangthem, Dennis Singh and Son, Jegyung and Lee, Minho},
   SORTNAME = {Moirangthem, Dennis Singh and Son, Jegyung and Lee, Minho},
   TITLE = {Representing Compositionality based on Multiple Timescales Gated Recurrent Neural Networks with Adaptive Temporal Hierarchy for Character-Level Language Models}}
@INPROCEEDINGS{repl4nlp-046,
   AUTHOR = {Madhyastha, Pranava Swaroop and España-Bonet, Cristina},
   SORTNAME = {Madhyastha, Pranava Swaroop and Espana-Bonet, Cristina},
   TITLE = {Learning Bilingual Projections of Embeddings for Vocabulary Expansion in Machine Translation}}
@INPROCEEDINGS{repl4nlp-047,
   AUTHOR = {Yogatama, Dani and Blunsom, Phil and Dyer, Chris and Grefenstette, Edward and Ling, Wang},
   SORTNAME = {Yogatama, Dani and Blunsom, Phil and Dyer, Chris and Grefenstette, Edward and Ling, Wang},
   TITLE = {Learning to Compose Words into Sentences with Reinforcement Learning}}
@INPROCEEDINGS{repl4nlp-048,
   AUTHOR = {Botschen, Teresa and Mousselly Sergieh, Hatem and Gurevych, Iryna},
   SORTNAME = {Botschen, Teresa and Mousselly Sergieh, Hatem and Gurevych, Iryna},
   TITLE = {Prediction of Frame-to-Frame Relations in the FrameNet Hierarchy with Frame Embeddings}}
@INPROCEEDINGS{repl4nlp-049,
   AUTHOR = {Schwenk, Holger and Douze, Matthijs},
   SORTNAME = {Schwenk, Holger and Douze, Matthijs},
   TITLE = {Learning Joint Multilingual Sentence Representations with Neural Machine Translation}}
@INPROCEEDINGS{repl4nlp-050,
   AUTHOR = {Kunze, Julius and Kirsch, Louis and Kurenkov, Ilia and Krug, Andreas and Johannsmeier, Jens and Stober, Sebastian},
   SORTNAME = {Kunze, Julius and Kirsch, Louis and Kurenkov, Ilia and Krug, Andreas and Johannsmeier, Jens and Stober, Sebastian},
   TITLE = {Transfer Learning for Speech Recognition on a Budget}}
@INPROCEEDINGS{repl4nlp-053,
   AUTHOR = {Asaadi, Shima and Rudolph, Sebastian},
   SORTNAME = {Asaadi, Shima and Rudolph, Sebastian},
   TITLE = {Gradual Learning of Matrix-Space Models of Language for Sentiment Analysis}}
@INPROCEEDINGS{repl4nlp-054,
   AUTHOR = {Godin, Fréderic and Dambre, Joni and De Neve, Wesley},
   SORTNAME = {Godin, Frederic and Dambre, Joni and De Neve, Wesley},
   TITLE = {Improving Language Modeling using Densely Connected Recurrent Neural Networks}}
@INPROCEEDINGS{repl4nlp-055,
   AUTHOR = {Trischler, Adam and Wang, Tong and Yuan, Xingdi and Harris, Justin and Sordoni, Alessandro and Bachman, Philip and Suleman, Kaheer},
   SORTNAME = {Trischler, Adam and Wang, Tong and Yuan, Xingdi and Harris, Justin and Sordoni, Alessandro and Bachman, Philip and Suleman, Kaheer},
   TITLE = {NewsQA: A Machine Comprehension Dataset}}
@INPROCEEDINGS{repl4nlp-056,
   AUTHOR = {Phillips, Lawrence and Shaffer, Kyle and Arendt, Dustin and Hodas, Nathan and Volkova, Svitlana},
   SORTNAME = {Phillips, Lawrence and Shaffer, Kyle and Arendt, Dustin and Hodas, Nathan and Volkova, Svitlana},
   TITLE = {Intrinsic and Extrinsic Evaluation of Spatiotemporal Text Representations in Twitter Streams}}
@INPROCEEDINGS{repl4nlp-057,
   AUTHOR = {Tang, Shuai and Jin, Hailin and Fang, Chen and Wang, Zhaowen and de Sa, Virginia},
   SORTNAME = {Tang, Shuai and Jin, Hailin and Fang, Chen and Wang, Zhaowen and de Sa, Virginia},
   TITLE = {Rethinking Skip-thought: A Neighborhood based Approach}}
@INPROCEEDINGS{repl4nlp-059,
   AUTHOR = {Schulz, Hannes and Zumer, Jeremie and El Asri, Layla and Sharma, Shikhar},
   SORTNAME = {Schulz, Hannes and Zumer, Jeremie and El Asri, Layla and Sharma, Shikhar},
   TITLE = {A Frame Tracking Model for Memory-Enhanced Dialogue Systems}}
@INPROCEEDINGS{repl4nlp-006,
   AUTHOR = {Gamallo, Pablo},
   SORTNAME = {Gamallo, Pablo},
   TITLE = {Sense Contextualization in a Dependency-Based Compositional Distributional Model}}
@INPROCEEDINGS{repl4nlp-060,
   AUTHOR = {Gulcehre, Caglar and Dutil, Francis and Trischler, Adam and Bengio, Yoshua},
   SORTNAME = {Gulcehre, Caglar and Dutil, Francis and Trischler, Adam and Bengio, Yoshua},
   TITLE = {Plan, Attend, Generate: Character-Level Neural Machine Translation with Planning}}
@INPROCEEDINGS{repl4nlp-061,
   AUTHOR = {Michel, Paul and Ravichander, Abhilasha and Rijhwani, Shruti},
   SORTNAME = {Michel, Paul and Ravichander, Abhilasha and Rijhwani, Shruti},
   TITLE = {Does the Geometry of Word Embeddings Help Document Classification? A Case Study on Persistent Homology-Based Representations}}
@INPROCEEDINGS{repl4nlp-062,
   AUTHOR = {Subramanian, Sandeep and Rajeswar, Sai and Dutil, Francis and Pal, Chris and Courville, Aaron},
   SORTNAME = {Subramanian, Sandeep and Rajeswar, Sai and Dutil, Francis and Pal, Chris and Courville, Aaron},
   TITLE = {Adversarial Generation of Natural Language}}
@INPROCEEDINGS{repl4nlp-064,
   AUTHOR = {Shen, Yanyao and Yun, Hyokun and Lipton, Zachary and Kronrod, Yakov and Anandkumar, Animashree},
   SORTNAME = {Shen, Yanyao and Yun, Hyokun and Lipton, Zachary and Kronrod, Yakov and Anandkumar, Animashree},
   TITLE = {Deep Active Learning for Named Entity Recognition}}
@INPROCEEDINGS{repl4nlp-065,
   AUTHOR = {Drozdov, Andrew and Bowman, Samuel},
   SORTNAME = {Drozdov, Andrew and Bowman, Samuel},
   TITLE = {The Coadaptation Problem when Learning How and What to Compose}}
@INPROCEEDINGS{repl4nlp-066,
   AUTHOR = {Tu, Lifu and Gimpel, Kevin and Livescu, Karen},
   SORTNAME = {Tu, Lifu and Gimpel, Kevin and Livescu, Karen},
   TITLE = {Learning to Embed Words in Context for Syntactic Tasks}}
@INPROCEEDINGS{repl4nlp-067,
   AUTHOR = {Johansen, Alexander and Socher, Richard},
   SORTNAME = {Johansen, Alexander and Socher, Richard},
   TITLE = {Learning when to skim and when to read}}
@INPROCEEDINGS{repl4nlp-008,
   AUTHOR = {Horn, Franziska},
   SORTNAME = {Horn, Franziska},
   TITLE = {Context encoders as a simple but powerful extension of word2vec}}
